2023-01-27 21:40:19.200[1674852019200] | INFO  | main       | c.b.c.client.utils.RequestHandler    - GET https://api.binance.com/api/v3/avgPrice?symbol=BNBUSDT
2023-01-27 21:41:29.934[1674852089934] | INFO  | main       | c.b.c.client.utils.RequestHandler    - GET https://api.binance.com/api/v3/avgPrice?symbol=BNBUSDT
2023-01-27 21:41:30.426[1674852090426] | INFO  | main       | org.example.AveragePrice             - {"mins":5,"price":"307.80332668"}
2023-01-27 21:57:24.065[1674853044065] | INFO  | main       | c.b.c.client.utils.RequestHandler    - GET https://api.binance.com/api/v3/historicalTrades?symbol=BTCUSDT&limit=10
2023-01-27 21:57:24.638[1674853044638] | INFO  | main       | org.example.HistoricalTrades         - [{"id":2577302224,"price":"23051.40000000","qty":"0.05000000","quoteQty":"1152.57000000","time":1674853044377,"isBuyerMaker":true,"isBestMatch":true},{"id":2577302225,"price":"23052.13000000","qty":"0.00069000","quoteQty":"15.90596970","time":1674853044379,"isBuyerMaker":false,"isBestMatch":true},{"id":2577302226,"price":"23052.56000000","qty":"0.00069000","quoteQty":"15.90626640","time":1674853044462,"isBuyerMaker":false,"isBestMatch":true},{"id":2577302227,"price":"23052.99000000","qty":"0.00069000","quoteQty":"15.90656310","time":1674853044462,"isBuyerMaker":false,"isBestMatch":true},{"id":2577302228,"price":"23053.02000000","qty":"0.00198000","quoteQty":"45.64497960","time":1674853044462,"isBuyerMaker":false,"isBestMatch":true},{"id":2577302229,"price":"23054.01000000","qty":"0.00066000","quoteQty":"15.21564660","time":1674853044462,"isBuyerMaker":false,"isBestMatch":true},{"id":2577302230,"price":"23054.06000000","qty":"0.01489000","quoteQty":"343.27495340","time":1674853044462,"isBuyerMaker":false,"isBestMatch":true},{"id":2577302231,"price":"23053.18000000","qty":"0.04205000","quoteQty":"969.38621900","time":1674853044541,"isBuyerMaker":false,"isBestMatch":true},{"id":2577302232,"price":"23053.19000000","qty":"0.01129000","quoteQty":"260.27051510","time":1674853044541,"isBuyerMaker":false,"isBestMatch":true},{"id":2577302233,"price":"23053.19000000","qty":"0.00666000","quoteQty":"153.53424540","time":1674853044541,"isBuyerMaker":false,"isBestMatch":true}]
2023-01-27 22:03:19.574[1674853399574] | INFO  | main       | c.b.c.client.utils.RequestHandler    - GET https://api.binance.com/api/v3/historicalTrades?symbol=BTCUSDT&limit=100
2023-01-27 22:03:20.174[1674853400174] | INFO  | main       | org.example.HistoricalTrades         - [{"id":2577360939,"price":"23075.35000000","qty":"0.00069000","quoteQty":"15.92199150","time":1674853399284,"isBuyerMaker":false,"isBestMatch":true},{"id":2577360940,"price":"23075.53000000","qty":"0.03960000","quoteQty":"913.79098800","time":1674853399284,"isBuyerMaker":false,"isBestMatch":true},{"id":2577360941,"price":"23075.54000000","qty":"0.01159000","quoteQty":"267.44550860","time":1674853399284,"isBuyerMaker":false,"isBestMatch":true},{"id":2577360942,"price":"23075.62000000","qty":"0.59971000","quoteQty":"13838.68007020","time":1674853399284,"isBuyerMaker":false,"isBestMatch":true},{"id":2577360943,"price":"23075.62000000","qty":"0.08928000","quoteQty":"2060.19135360","time":1674853399285,"isBuyerMaker":false,"isBestMatch":true},{"id":2577360944,"price":"23075.63000000","qty":"0.01039000","quoteQty":"239.75579570","time":1674853399285,"isBuyerMaker":false,"isBestMatch":true},{"id":2577360945,"price":"23075.64000000","qty":"0.07054000","quoteQty":"1627.75564560","time":1674853399285,"isBuyerMaker":false,"isBestMatch":true},{"id":2577360946,"price":"23075.66000000","qty":"0.34857000","quoteQty":"8043.48280620","time":1674853399285,"isBuyerMaker":false,"isBestMatch":true},{"id":2577360947,"price":"23075.67000000","qty":"0.13002000","quoteQty":"3000.29861340","time":1674853399285,"isBuyerMaker":false,"isBestMatch":true},{"id":2577360948,"price":"23075.76000000","qty":"0.00165000","quoteQty":"38.07500400","time":1674853399285,"isBuyerMaker":false,"isBestMatch":true},{"id":2577360949,"price":"23075.77000000","qty":"0.01159000","quoteQty":"267.44817430","time":1674853399285,"isBuyerMaker":false,"isBestMatch":true},{"id":2577360950,"price":"23075.78000000","qty":"0.00069000","quoteQty":"15.92228820","time":1674853399285,"isBuyerMaker":false,"isBestMatch":true},{"id":2577360951,"price":"23075.79000000","qty":"0.00066000","quoteQty":"15.23002140","time":1674853399285,"isBuyerMaker":false,"isBestMatch":true},{"id":2577360952,"price":"23075.89000000","qty":"0.05200000","quoteQty":"1199.94628000","time":1674853399285,"isBuyerMaker":false,"isBestMatch":true},{"id":2577360953,"price":"23075.90000000","qty":"0.01039000","quoteQty":"239.75860100","time":1674853399285,"isBuyerMaker":false,"isBestMatch":true},{"id":2577360954,"price":"23076.21000000","qty":"0.00069000","quoteQty":"15.92258490","time":1674853399285,"isBuyerMaker":false,"isBestMatch":true},{"id":2577360955,"price":"23076.36000000","qty":"0.01457000","quoteQty":"336.22256520","time":1674853399285,"isBuyerMaker":false,"isBestMatch":true},{"id":2577360956,"price":"23076.39000000","qty":"0.42078000","quoteQty":"9710.08338420","time":1674853399285,"isBuyerMaker":false,"isBestMatch":true},{"id":2577360957,"price":"23076.41000000","qty":"0.00454000","quoteQty":"104.76690140","time":1674853399285,"isBuyerMaker":false,"isBestMatch":true},{"id":2577360958,"price":"23076.42000000","qty":"0.00690000","quoteQty":"159.22729800","time":1674853399285,"isBuyerMaker":false,"isBestMatch":true},{"id":2577360959,"price":"23076.43000000","qty":"0.03900000","quoteQty":"899.98077000","time":1674853399285,"isBuyerMaker":false,"isBestMatch":true},{"id":2577360960,"price":"23076.53000000","qty":"0.40083000","quoteQty":"9249.76551990","time":1674853399288,"isBuyerMaker":false,"isBestMatch":true},{"id":2577360961,"price":"23076.64000000","qty":"0.00069000","quoteQty":"15.92288160","time":1674853399288,"isBuyerMaker":false,"isBestMatch":true},{"id":2577360962,"price":"23076.64000000","qty":"0.10831000","quoteQty":"2499.43087840","time":1674853399288,"isBuyerMaker":false,"isBestMatch":true},{"id":2577360963,"price":"23076.74000000","qty":"0.02877000","quoteQty":"663.91780980","time":1674853399288,"isBuyerMaker":false,"isBestMatch":true},{"id":2577360964,"price":"23076.78000000","qty":"0.00066000","quoteQty":"15.23067480","time":1674853399288,"isBuyerMaker":false,"isBestMatch":true},{"id":2577360965,"price":"23076.88000000","qty":"0.13003000","quoteQty":"3000.68670640","time":1674853399288,"isBuyerMaker":false,"isBestMatch":true},{"id":2577360966,"price":"23073.94000000","qty":"0.00069000","quoteQty":"15.92101860","time":1674853399289,"isBuyerMaker":true,"isBestMatch":true},{"id":2577360967,"price":"23073.94000000","qty":"0.00066000","quoteQty":"15.22880040","time":1674853399289,"isBuyerMaker":true,"isBestMatch":true},{"id":2577360968,"price":"23076.51000000","qty":"0.00072000","quoteQty":"16.61508720","time":1674853399291,"isBuyerMaker":false,"isBestMatch":true},{"id":2577360969,"price":"23076.94000000","qty":"0.01262000","quoteQty":"291.23098280","time":1674853399298,"isBuyerMaker":false,"isBestMatch":true},{"id":2577360970,"price":"23074.92000000","qty":"0.00066000","quoteQty":"15.22944720","time":1674853399319,"isBuyerMaker":true,"isBestMatch":true},{"id":2577360971,"price":"23074.92000000","qty":"0.00069000","quoteQty":"15.92169480","time":1674853399319,"isBuyerMaker":true,"isBestMatch":true},{"id":2577360972,"price":"23075.02000000","qty":"0.00100000","quoteQty":"23.07502000","time":1674853399325,"isBuyerMaker":false,"isBestMatch":true},{"id":2577360973,"price":"23075.79000000","qty":"0.00066000","quoteQty":"15.23002140","time":1674853399375,"isBuyerMaker":true,"isBestMatch":true},{"id":2577360974,"price":"23075.09000000","qty":"0.00069000","quoteQty":"15.92181210","time":1674853399382,"isBuyerMaker":true,"isBestMatch":true},{"id":2577360975,"price":"23075.65000000","qty":"0.00331000","quoteQty":"76.38040150","time":1674853399426,"isBuyerMaker":true,"isBestMatch":true},{"id":2577360976,"price":"23075.63000000","qty":"0.10469000","quoteQty":"2415.78770470","time":1674853399426,"isBuyerMaker":true,"isBestMatch":true},{"id":2577360977,"price":"23075.78000000","qty":"0.00069000","quoteQty":"15.92228820","time":1674853399459,"isBuyerMaker":true,"isBestMatch":true},{"id":2577360978,"price":"23075.35000000","qty":"0.00018000","quoteQty":"4.15356300","time":1674853399459,"isBuyerMaker":true,"isBestMatch":true},{"id":2577360979,"price":"23075.35000000","qty":"0.00051000","quoteQty":"11.76842850","time":1674853399460,"isBuyerMaker":true,"isBestMatch":true},{"id":2577360980,"price":"23075.13000000","qty":"0.03573000","quoteQty":"824.47439490","time":1674853399460,"isBuyerMaker":true,"isBestMatch":true},{"id":2577360981,"price":"23075.12000000","qty":"0.00454000","quoteQty":"104.76104480","time":1674853399460,"isBuyerMaker":true,"isBestMatch":true},{"id":2577360982,"price":"23075.09000000","qty":"0.03245000","quoteQty":"748.78667050","time":1674853399460,"isBuyerMaker":true,"isBestMatch":true},{"id":2577360983,"price":"23075.08000000","qty":"0.02587000","quoteQty":"596.95231960","time":1674853399460,"isBuyerMaker":true,"isBestMatch":true},{"id":2577360984,"price":"23075.06000000","qty":"0.04778000","quoteQty":"1102.52636680","time":1674853399460,"isBuyerMaker":true,"isBestMatch":true},{"id":2577360985,"price":"23074.94000000","qty":"0.03465000","quoteQty":"799.54667100","time":1674853399460,"isBuyerMaker":true,"isBestMatch":true},{"id":2577360986,"price":"23074.93000000","qty":"0.05559000","quoteQty":"1282.73535870","time":1674853399460,"isBuyerMaker":true,"isBestMatch":true},{"id":2577360987,"price":"23074.81000000","qty":"0.02000000","quoteQty":"461.49620000","time":1674853399478,"isBuyerMaker":true,"isBestMatch":true},{"id":2577360988,"price":"23075.91000000","qty":"0.00304000","quoteQty":"70.15076640","time":1674853399484,"isBuyerMaker":false,"isBestMatch":true},{"id":2577360989,"price":"23076.94000000","qty":"0.02738000","quoteQty":"631.84661720","time":1674853399484,"isBuyerMaker":false,"isBestMatch":true},{"id":2577360990,"price":"23077.07000000","qty":"0.00069000","quoteQty":"15.92317830","time":1674853399484,"isBuyerMaker":false,"isBestMatch":true},{"id":2577360991,"price":"23077.23000000","qty":"0.00881000","quoteQty":"203.31039630","time":1674853399484,"isBuyerMaker":false,"isBestMatch":true},{"id":2577360992,"price":"23077.25000000","qty":"0.00656000","quoteQty":"151.38676000","time":1674853399484,"isBuyerMaker":false,"isBestMatch":true},{"id":2577360993,"price":"23077.39000000","qty":"0.00352000","quoteQty":"81.23241280","time":1674853399484,"isBuyerMaker":false,"isBestMatch":true},{"id":2577360994,"price":"23075.90000000","qty":"0.00069000","quoteQty":"15.92237100","time":1674853399494,"isBuyerMaker":false,"isBestMatch":true},{"id":2577360995,"price":"23076.64000000","qty":"0.00069000","quoteQty":"15.92288160","time":1674853399543,"isBuyerMaker":true,"isBestMatch":true},{"id":2577360996,"price":"23075.26000000","qty":"0.00219000","quoteQty":"50.53481940","time":1674853399546,"isBuyerMaker":true,"isBestMatch":true},{"id":2577360997,"price":"23075.26000000","qty":"0.00214000","quoteQty":"49.38105640","time":1674853399546,"isBuyerMaker":true,"isBestMatch":true},{"id":2577360998,"price":"23074.93000000","qty":"0.05931000","quoteQty":"1368.57409830","time":1674853399660,"isBuyerMaker":true,"isBestMatch":true},{"id":2577360999,"price":"23074.90000000","qty":"0.10832000","quoteQty":"2499.47316800","time":1674853399660,"isBuyerMaker":true,"isBestMatch":true},{"id":2577361000,"price":"23074.80000000","qty":"0.00066000","quoteQty":"15.22936800","time":1674853399686,"isBuyerMaker":true,"isBestMatch":true},{"id":2577361001,"price":"23074.49000000","qty":"0.00069000","quoteQty":"15.92139810","time":1674853399688,"isBuyerMaker":true,"isBestMatch":true},{"id":2577361002,"price":"23074.41000000","qty":"0.00217000","quoteQty":"50.07146970","time":1674853399688,"isBuyerMaker":true,"isBestMatch":true},{"id":2577361003,"price":"23074.36000000","qty":"0.00514000","quoteQty":"118.60221040","time":1674853399688,"isBuyerMaker":true,"isBestMatch":true},{"id":2577361004,"price":"23074.36000000","qty":"0.00156000","quoteQty":"35.99600160","time":1674853399711,"isBuyerMaker":true,"isBestMatch":true},{"id":2577361005,"price":"23074.06000000","qty":"0.00069000","quoteQty":"15.92110140","time":1674853399716,"isBuyerMaker":true,"isBestMatch":true},{"id":2577361006,"price":"23073.81000000","qty":"0.00066000","quoteQty":"15.22871460","time":1674853399716,"isBuyerMaker":true,"isBestMatch":true},{"id":2577361007,"price":"23073.63000000","qty":"0.00003000","quoteQty":"0.69220890","time":1674853399716,"isBuyerMaker":true,"isBestMatch":true},{"id":2577361008,"price":"23074.07000000","qty":"0.02357000","quoteQty":"543.85582990","time":1674853399718,"isBuyerMaker":true,"isBestMatch":true},{"id":2577361009,"price":"23074.78000000","qty":"0.00050000","quoteQty":"11.53739000","time":1674853399725,"isBuyerMaker":false,"isBestMatch":true},{"id":2577361010,"price":"23074.05000000","qty":"0.00069000","quoteQty":"15.92109450","time":1674853399746,"isBuyerMaker":true,"isBestMatch":true},{"id":2577361011,"price":"23074.06000000","qty":"0.00249000","quoteQty":"57.45440940","time":1674853399758,"isBuyerMaker":true,"isBestMatch":true},{"id":2577361012,"price":"23074.05000000","qty":"0.00031000","quoteQty":"7.15295550","time":1674853399758,"isBuyerMaker":true,"isBestMatch":true},{"id":2577361013,"price":"23074.74000000","qty":"0.00069000","quoteQty":"15.92157060","time":1674853399781,"isBuyerMaker":false,"isBestMatch":true},{"id":2577361014,"price":"23073.66000000","qty":"0.00119000","quoteQty":"27.45765540","time":1674853399800,"isBuyerMaker":true,"isBestMatch":true},{"id":2577361015,"price":"23073.64000000","qty":"0.02081000","quoteQty":"480.16244840","time":1674853399800,"isBuyerMaker":true,"isBestMatch":true},{"id":2577361016,"price":"23073.66000000","qty":"0.00137000","quoteQty":"31.61091420","time":1674853399809,"isBuyerMaker":true,"isBestMatch":true},{"id":2577361017,"price":"23073.64000000","qty":"0.00008000","quoteQty":"1.84589120","time":1674853399809,"isBuyerMaker":true,"isBestMatch":true},{"id":2577361018,"price":"23073.63000000","qty":"0.00066000","quoteQty":"15.22859580","time":1674853399809,"isBuyerMaker":true,"isBestMatch":true},{"id":2577361019,"price":"23073.55000000","qty":"0.00217000","quoteQty":"50.06960350","time":1674853399809,"isBuyerMaker":true,"isBestMatch":true},{"id":2577361020,"price":"23073.55000000","qty":"0.00220000","quoteQty":"50.76181000","time":1674853399809,"isBuyerMaker":true,"isBestMatch":true},{"id":2577361021,"price":"23073.49000000","qty":"0.04152000","quoteQty":"958.01130480","time":1674853399809,"isBuyerMaker":true,"isBestMatch":true},{"id":2577361022,"price":"23073.48000000","qty":"0.00646000","quoteQty":"149.05468080","time":1674853399819,"isBuyerMaker":true,"isBestMatch":true},{"id":2577361023,"price":"23073.50000000","qty":"0.02000000","quoteQty":"461.47000000","time":1674853399832,"isBuyerMaker":true,"isBestMatch":true},{"id":2577361024,"price":"23073.51000000","qty":"0.00141000","quoteQty":"32.53364910","time":1674853399841,"isBuyerMaker":true,"isBestMatch":true},{"id":2577361025,"price":"23073.50000000","qty":"0.00089000","quoteQty":"20.53541500","time":1674853399841,"isBuyerMaker":true,"isBestMatch":true},{"id":2577361026,"price":"23073.28000000","qty":"0.21370000","quoteQty":"4930.75993600","time":1674853399841,"isBuyerMaker":true,"isBestMatch":true},{"id":2577361027,"price":"23073.28000000","qty":"0.00200000","quoteQty":"46.14656000","time":1674853399849,"isBuyerMaker":true,"isBestMatch":true},{"id":2577361028,"price":"23074.49000000","qty":"0.02000000","quoteQty":"461.48980000","time":1674853399861,"isBuyerMaker":true,"isBestMatch":true},{"id":2577361029,"price":"23074.49000000","qty":"0.08832000","quoteQty":"2037.93895680","time":1674853399861,"isBuyerMaker":true,"isBestMatch":true},{"id":2577361030,"price":"23073.29000000","qty":"0.02000000","quoteQty":"461.46580000","time":1674853399872,"isBuyerMaker":true,"isBestMatch":true},{"id":2577361031,"price":"23073.29000000","qty":"0.00089000","quoteQty":"20.53522810","time":1674853399883,"isBuyerMaker":true,"isBestMatch":true},{"id":2577361032,"price":"23073.29000000","qty":"0.02089000","quoteQty":"482.00102810","time":1674853399900,"isBuyerMaker":true,"isBestMatch":true},{"id":2577361033,"price":"23073.28000000","qty":"0.19511000","quoteQty":"4501.82766080","time":1674853399900,"isBuyerMaker":true,"isBestMatch":true},{"id":2577361034,"price":"23073.35000000","qty":"0.00830000","quoteQty":"191.50880500","time":1674853399909,"isBuyerMaker":true,"isBestMatch":true},{"id":2577361035,"price":"23074.61000000","qty":"0.00065000","quoteQty":"14.99849650","time":1674853399924,"isBuyerMaker":false,"isBestMatch":true},{"id":2577361036,"price":"23073.21000000","qty":"0.00090000","quoteQty":"20.76588900","time":1674853399934,"isBuyerMaker":true,"isBestMatch":true},{"id":2577361037,"price":"23073.21000000","qty":"0.00086000","quoteQty":"19.84296060","time":1674853399951,"isBuyerMaker":true,"isBestMatch":true},{"id":2577361038,"price":"23073.59000000","qty":"0.10800000","quoteQty":"2491.94772000","time":1674853400062,"isBuyerMaker":true,"isBestMatch":true}]
2023-01-27 22:07:45.315[1674853665315] | INFO  | main       | c.b.c.client.utils.RequestHandler    - GET https://api.binance.com/api/v3/historicalTrades?symbol=BTCUSDT&limit=100
2023-01-27 22:07:45.894[1674853665894] | INFO  | main       | org.example.HistoricalTrades         - [{"id":2577386818,"price":"23136.15000000","qty":"0.01331000","quoteQty":"307.94215650","time":1674853664980,"isBuyerMaker":false,"isBestMatch":true},{"id":2577386819,"price":"23136.16000000","qty":"0.00180000","quoteQty":"41.64508800","time":1674853664980,"isBuyerMaker":false,"isBestMatch":true},{"id":2577386820,"price":"23136.18000000","qty":"0.00066000","quoteQty":"15.26987880","time":1674853664989,"isBuyerMaker":false,"isBestMatch":true},{"id":2577386821,"price":"23136.23000000","qty":"0.04000000","quoteQty":"925.44920000","time":1674853664989,"isBuyerMaker":false,"isBestMatch":true},{"id":2577386822,"price":"23136.27000000","qty":"0.00235000","quoteQty":"54.37023450","time":1674853664989,"isBuyerMaker":false,"isBestMatch":true},{"id":2577386823,"price":"23135.55000000","qty":"0.08744000","quoteQty":"2022.97249200","time":1674853664989,"isBuyerMaker":true,"isBestMatch":true},{"id":2577386824,"price":"23136.29000000","qty":"0.30471000","quoteQty":"7049.85892590","time":1674853664997,"isBuyerMaker":false,"isBestMatch":true},{"id":2577386825,"price":"23136.29000000","qty":"0.01330000","quoteQty":"307.71265700","time":1674853664997,"isBuyerMaker":false,"isBestMatch":true},{"id":2577386826,"price":"23136.16000000","qty":"0.00172000","quoteQty":"39.79419520","time":1674853665005,"isBuyerMaker":false,"isBestMatch":true},{"id":2577386827,"price":"23136.17000000","qty":"0.00328000","quoteQty":"75.88663760","time":1674853665005,"isBuyerMaker":false,"isBestMatch":true},{"id":2577386828,"price":"23136.33000000","qty":"0.01700000","quoteQty":"393.31761000","time":1674853665016,"isBuyerMaker":false,"isBestMatch":true},{"id":2577386829,"price":"23136.33000000","qty":"0.00527000","quoteQty":"121.92845910","time":1674853665023,"isBuyerMaker":false,"isBestMatch":true},{"id":2577386830,"price":"23136.34000000","qty":"0.00051000","quoteQty":"11.79953340","time":1674853665023,"isBuyerMaker":false,"isBestMatch":true},{"id":2577386831,"price":"23136.36000000","qty":"0.00700000","quoteQty":"161.95452000","time":1674853665023,"isBuyerMaker":false,"isBestMatch":true},{"id":2577386832,"price":"23136.41000000","qty":"0.00069000","quoteQty":"15.96412290","time":1674853665023,"isBuyerMaker":false,"isBestMatch":true},{"id":2577386833,"price":"23136.42000000","qty":"0.00853000","quoteQty":"197.35366260","time":1674853665023,"isBuyerMaker":false,"isBestMatch":true},{"id":2577386834,"price":"23135.49000000","qty":"0.00393000","quoteQty":"90.92247570","time":1674853665028,"isBuyerMaker":true,"isBestMatch":true},{"id":2577386835,"price":"23135.48000000","qty":"0.00262000","quoteQty":"60.61495760","time":1674853665028,"isBuyerMaker":true,"isBestMatch":true},{"id":2577386836,"price":"23135.19000000","qty":"0.00066000","quoteQty":"15.26922540","time":1674853665028,"isBuyerMaker":true,"isBestMatch":true},{"id":2577386837,"price":"23134.82000000","qty":"0.00757000","quoteQty":"175.13058740","time":1674853665028,"isBuyerMaker":true,"isBestMatch":true},{"id":2577386838,"price":"23136.42000000","qty":"0.00227000","quoteQty":"52.51967340","time":1674853665035,"isBuyerMaker":false,"isBestMatch":true},{"id":2577386839,"price":"23135.94000000","qty":"0.00173000","quoteQty":"40.02517620","time":1674853665035,"isBuyerMaker":true,"isBestMatch":true},{"id":2577386840,"price":"23134.84000000","qty":"0.02672000","quoteQty":"618.16292480","time":1674853665045,"isBuyerMaker":true,"isBestMatch":true},{"id":2577386841,"price":"23134.81000000","qty":"0.02527000","quoteQty":"584.61664870","time":1674853665045,"isBuyerMaker":true,"isBestMatch":true},{"id":2577386842,"price":"23134.80000000","qty":"0.02786000","quoteQty":"644.53552800","time":1674853665045,"isBuyerMaker":true,"isBestMatch":true},{"id":2577386843,"price":"23134.77000000","qty":"0.02248000","quoteQty":"520.06962960","time":1674853665045,"isBuyerMaker":true,"isBestMatch":true},{"id":2577386844,"price":"23134.75000000","qty":"0.01073000","quoteQty":"248.23586750","time":1674853665045,"isBuyerMaker":true,"isBestMatch":true},{"id":2577386845,"price":"23134.73000000","qty":"0.00973000","quoteQty":"225.10092290","time":1674853665045,"isBuyerMaker":true,"isBestMatch":true},{"id":2577386846,"price":"23134.69000000","qty":"0.00069000","quoteQty":"15.96293610","time":1674853665045,"isBuyerMaker":true,"isBestMatch":true},{"id":2577386847,"price":"23134.50000000","qty":"0.10804000","quoteQty":"2499.45138000","time":1674853665045,"isBuyerMaker":true,"isBestMatch":true},{"id":2577386848,"price":"23134.31000000","qty":"0.00100000","quoteQty":"23.13431000","time":1674853665045,"isBuyerMaker":true,"isBestMatch":true},{"id":2577386849,"price":"23134.26000000","qty":"0.00069000","quoteQty":"15.96263940","time":1674853665045,"isBuyerMaker":true,"isBestMatch":true},{"id":2577386850,"price":"23134.20000000","qty":"0.00066000","quoteQty":"15.26857200","time":1674853665045,"isBuyerMaker":true,"isBestMatch":true},{"id":2577386851,"price":"23134.06000000","qty":"0.25612000","quoteQty":"5925.09544720","time":1674853665045,"isBuyerMaker":true,"isBestMatch":true},{"id":2577386852,"price":"23134.05000000","qty":"0.01930000","quoteQty":"446.48716500","time":1674853665045,"isBuyerMaker":true,"isBestMatch":true},{"id":2577386853,"price":"23134.04000000","qty":"0.00809000","quoteQty":"187.15438360","time":1674853665045,"isBuyerMaker":true,"isBestMatch":true},{"id":2577386854,"price":"23134.03000000","qty":"0.03106000","quoteQty":"718.54297180","time":1674853665045,"isBuyerMaker":true,"isBestMatch":true},{"id":2577386855,"price":"23133.83000000","qty":"0.00069000","quoteQty":"15.96234270","time":1674853665045,"isBuyerMaker":true,"isBestMatch":true},{"id":2577386856,"price":"23133.53000000","qty":"0.01481000","quoteQty":"342.60757930","time":1674853665045,"isBuyerMaker":true,"isBestMatch":true},{"id":2577386857,"price":"23133.52000000","qty":"0.14886000","quoteQty":"3443.65578720","time":1674853665045,"isBuyerMaker":true,"isBestMatch":true},{"id":2577386858,"price":"23133.52000000","qty":"0.15076000","quoteQty":"3487.60947520","time":1674853665045,"isBuyerMaker":true,"isBestMatch":true},{"id":2577386859,"price":"23133.52000000","qty":"0.15125000","quoteQty":"3498.94490000","time":1674853665045,"isBuyerMaker":true,"isBestMatch":true},{"id":2577386860,"price":"23133.52000000","qty":"0.14406000","quoteQty":"3332.61489120","time":1674853665045,"isBuyerMaker":true,"isBestMatch":true},{"id":2577386861,"price":"23133.52000000","qty":"0.04416000","quoteQty":"1021.57624320","time":1674853665045,"isBuyerMaker":true,"isBestMatch":true},{"id":2577386862,"price":"23135.81000000","qty":"0.00262000","quoteQty":"60.61582220","time":1674853665047,"isBuyerMaker":false,"isBestMatch":true},{"id":2577386863,"price":"23135.83000000","qty":"0.00393000","quoteQty":"90.92381190","time":1674853665047,"isBuyerMaker":false,"isBestMatch":true},{"id":2577386864,"price":"23136.53000000","qty":"0.00526000","quoteQty":"121.69814780","time":1674853665054,"isBuyerMaker":false,"isBestMatch":true},{"id":2577386865,"price":"23135.80000000","qty":"0.00069000","quoteQty":"15.96370200","time":1674853665059,"isBuyerMaker":false,"isBestMatch":true},{"id":2577386866,"price":"23135.61000000","qty":"0.03300000","quoteQty":"763.47513000","time":1674853665081,"isBuyerMaker":false,"isBestMatch":true},{"id":2577386867,"price":"23135.19000000","qty":"0.00066000","quoteQty":"15.26922540","time":1674853665093,"isBuyerMaker":false,"isBestMatch":true},{"id":2577386868,"price":"23135.61000000","qty":"0.00094000","quoteQty":"21.74747340","time":1674853665093,"isBuyerMaker":false,"isBestMatch":true},{"id":2577386869,"price":"23134.67000000","qty":"0.00069000","quoteQty":"15.96292230","time":1674853665178,"isBuyerMaker":true,"isBestMatch":true},{"id":2577386870,"price":"23135.12000000","qty":"0.00069000","quoteQty":"15.96323280","time":1674853665178,"isBuyerMaker":false,"isBestMatch":true},{"id":2577386871,"price":"23136.11000000","qty":"0.00006000","quoteQty":"1.38816660","time":1674853665178,"isBuyerMaker":false,"isBestMatch":true},{"id":2577386872,"price":"23134.67000000","qty":"0.01065000","quoteQty":"246.38423550","time":1674853665248,"isBuyerMaker":true,"isBestMatch":true},{"id":2577386873,"price":"23134.68000000","qty":"0.00087000","quoteQty":"20.12717160","time":1674853665257,"isBuyerMaker":true,"isBestMatch":true},{"id":2577386874,"price":"23134.69000000","qty":"0.00069000","quoteQty":"15.96293610","time":1674853665266,"isBuyerMaker":false,"isBestMatch":true},{"id":2577386875,"price":"23134.68000000","qty":"0.00100000","quoteQty":"23.13468000","time":1674853665328,"isBuyerMaker":true,"isBestMatch":true},{"id":2577386876,"price":"23135.16000000","qty":"0.01000000","quoteQty":"231.35160000","time":1674853665335,"isBuyerMaker":false,"isBestMatch":true},{"id":2577386877,"price":"23134.68000000","qty":"0.00047000","quoteQty":"10.87329960","time":1674853665376,"isBuyerMaker":true,"isBestMatch":true},{"id":2577386878,"price":"23134.68000000","qty":"0.05784000","quoteQty":"1338.10989120","time":1674853665384,"isBuyerMaker":true,"isBestMatch":true},{"id":2577386879,"price":"23134.69000000","qty":"0.00432000","quoteQty":"99.94186080","time":1674853665388,"isBuyerMaker":true,"isBestMatch":true},{"id":2577386880,"price":"23134.66000000","qty":"0.00223000","quoteQty":"51.59029180","time":1674853665388,"isBuyerMaker":true,"isBestMatch":true},{"id":2577386881,"price":"23134.69000000","qty":"0.00069000","quoteQty":"15.96293610","time":1674853665394,"isBuyerMaker":true,"isBestMatch":true},{"id":2577386882,"price":"23134.66000000","qty":"0.00140000","quoteQty":"32.38852400","time":1674853665394,"isBuyerMaker":true,"isBestMatch":true},{"id":2577386883,"price":"23134.66000000","qty":"0.00030000","quoteQty":"6.94039800","time":1674853665394,"isBuyerMaker":true,"isBestMatch":true},{"id":2577386884,"price":"23134.66000000","qty":"0.00193000","quoteQty":"44.64989380","time":1674853665394,"isBuyerMaker":true,"isBestMatch":true},{"id":2577386885,"price":"23134.69000000","qty":"0.00223000","quoteQty":"51.59035870","time":1674853665405,"isBuyerMaker":true,"isBestMatch":true},{"id":2577386886,"price":"23134.69000000","qty":"0.00367000","quoteQty":"84.90431230","time":1674853665406,"isBuyerMaker":true,"isBestMatch":true},{"id":2577386887,"price":"23134.70000000","qty":"0.00253000","quoteQty":"58.53079100","time":1674853665409,"isBuyerMaker":false,"isBestMatch":true},{"id":2577386888,"price":"23134.70000000","qty":"0.00800000","quoteQty":"185.07760000","time":1674853665411,"isBuyerMaker":false,"isBestMatch":true},{"id":2577386889,"price":"23134.69000000","qty":"0.00432000","quoteQty":"99.94186080","time":1674853665421,"isBuyerMaker":false,"isBestMatch":true},{"id":2577386890,"price":"23134.70000000","qty":"0.04368000","quoteQty":"1010.52369600","time":1674853665421,"isBuyerMaker":false,"isBestMatch":true},{"id":2577386891,"price":"23134.70000000","qty":"0.00100000","quoteQty":"23.13470000","time":1674853665428,"isBuyerMaker":false,"isBestMatch":true},{"id":2577386892,"price":"23134.70000000","qty":"0.00410000","quoteQty":"94.85227000","time":1674853665433,"isBuyerMaker":false,"isBestMatch":true},{"id":2577386893,"price":"23134.67000000","qty":"0.00432000","quoteQty":"99.94177440","time":1674853665441,"isBuyerMaker":true,"isBestMatch":true},{"id":2577386894,"price":"23134.89000000","qty":"0.00400000","quoteQty":"92.53956000","time":1674853665494,"isBuyerMaker":false,"isBestMatch":true},{"id":2577386895,"price":"23134.67000000","qty":"0.00069000","quoteQty":"15.96292230","time":1674853665503,"isBuyerMaker":false,"isBestMatch":true},{"id":2577386896,"price":"23134.88000000","qty":"0.00432000","quoteQty":"99.94268160","time":1674853665503,"isBuyerMaker":false,"isBestMatch":true},{"id":2577386897,"price":"23134.69000000","qty":"0.00200000","quoteQty":"46.26938000","time":1674853665529,"isBuyerMaker":false,"isBestMatch":true},{"id":2577386898,"price":"23135.12000000","qty":"0.00069000","quoteQty":"15.96323280","time":1674853665538,"isBuyerMaker":false,"isBestMatch":true},{"id":2577386899,"price":"23135.14000000","qty":"0.01159000","quoteQty":"268.13627260","time":1674853665538,"isBuyerMaker":false,"isBestMatch":true},{"id":2577386900,"price":"23135.16000000","qty":"0.00081000","quoteQty":"18.73947960","time":1674853665538,"isBuyerMaker":false,"isBestMatch":true},{"id":2577386901,"price":"23135.16000000","qty":"0.00191000","quoteQty":"44.18815560","time":1674853665538,"isBuyerMaker":false,"isBestMatch":true},{"id":2577386902,"price":"23135.16000000","qty":"0.00587000","quoteQty":"135.80338920","time":1674853665548,"isBuyerMaker":false,"isBestMatch":true},{"id":2577386903,"price":"23135.16000000","qty":"0.00172000","quoteQty":"39.79247520","time":1674853665548,"isBuyerMaker":false,"isBestMatch":true},{"id":2577386904,"price":"23135.23000000","qty":"0.00241000","quoteQty":"55.75590430","time":1674853665548,"isBuyerMaker":false,"isBestMatch":true},{"id":2577386905,"price":"23134.70000000","qty":"0.00432000","quoteQty":"99.94190400","time":1674853665590,"isBuyerMaker":true,"isBestMatch":true},{"id":2577386906,"price":"23134.69000000","qty":"0.00069000","quoteQty":"15.96293610","time":1674853665590,"isBuyerMaker":true,"isBestMatch":true},{"id":2577386907,"price":"23134.69000000","qty":"0.00363000","quoteQty":"83.97892470","time":1674853665618,"isBuyerMaker":true,"isBestMatch":true},{"id":2577386908,"price":"23135.23000000","qty":"0.00065000","quoteQty":"15.03789950","time":1674853665686,"isBuyerMaker":false,"isBestMatch":true},{"id":2577386909,"price":"23135.23000000","qty":"0.00065000","quoteQty":"15.03789950","time":1674853665686,"isBuyerMaker":false,"isBestMatch":true},{"id":2577386910,"price":"23135.23000000","qty":"0.00022000","quoteQty":"5.08975060","time":1674853665687,"isBuyerMaker":false,"isBestMatch":true},{"id":2577386911,"price":"23135.43000000","qty":"0.00043000","quoteQty":"9.94823490","time":1674853665687,"isBuyerMaker":false,"isBestMatch":true},{"id":2577386912,"price":"23135.43000000","qty":"0.00047000","quoteQty":"10.87365210","time":1674853665687,"isBuyerMaker":false,"isBestMatch":true},{"id":2577386913,"price":"23135.55000000","qty":"0.00018000","quoteQty":"4.16439900","time":1674853665687,"isBuyerMaker":false,"isBestMatch":true},{"id":2577386914,"price":"23135.55000000","qty":"0.00051000","quoteQty":"11.79913050","time":1674853665688,"isBuyerMaker":false,"isBestMatch":true},{"id":2577386915,"price":"23135.12000000","qty":"0.00069000","quoteQty":"15.96323280","time":1674853665739,"isBuyerMaker":true,"isBestMatch":true},{"id":2577386916,"price":"23135.07000000","qty":"0.01365000","quoteQty":"315.79370550","time":1674853665739,"isBuyerMaker":true,"isBestMatch":true},{"id":2577386917,"price":"23135.06000000","qty":"0.00393000","quoteQty":"90.92078580","time":1674853665784,"isBuyerMaker":true,"isBestMatch":true}]
2023-01-27 22:08:01.610[1674853681610] | INFO  | main       | c.b.c.client.utils.RequestHandler    - GET https://api.binance.com/api/v3/historicalTrades?symbol=BTCUSDT&limit=100
2023-01-27 22:08:02.138[1674853682138] | INFO  | main       | org.example.HistoricalTrades         - [{"id":2577388542,"price":"23123.41000000","qty":"0.00218000","quoteQty":"50.40903380","time":1674853681002,"isBuyerMaker":true,"isBestMatch":true},{"id":2577388543,"price":"23123.41000000","qty":"0.00216000","quoteQty":"49.94656560","time":1674853681002,"isBuyerMaker":true,"isBestMatch":true},{"id":2577388544,"price":"23123.41000000","qty":"0.00214000","quoteQty":"49.48409740","time":1674853681002,"isBuyerMaker":true,"isBestMatch":true},{"id":2577388545,"price":"23123.41000000","qty":"0.00423000","quoteQty":"97.81202430","time":1674853681002,"isBuyerMaker":true,"isBestMatch":true},{"id":2577388546,"price":"23123.41000000","qty":"0.00214000","quoteQty":"49.48409740","time":1674853681002,"isBuyerMaker":true,"isBestMatch":true},{"id":2577388547,"price":"23123.41000000","qty":"0.00216000","quoteQty":"49.94656560","time":1674853681002,"isBuyerMaker":true,"isBestMatch":true},{"id":2577388548,"price":"23123.41000000","qty":"0.00426000","quoteQty":"98.50572660","time":1674853681002,"isBuyerMaker":true,"isBestMatch":true},{"id":2577388549,"price":"23123.31000000","qty":"0.00066000","quoteQty":"15.26138460","time":1674853681092,"isBuyerMaker":true,"isBestMatch":true},{"id":2577388550,"price":"23123.77000000","qty":"0.00049000","quoteQty":"11.33064730","time":1674853681146,"isBuyerMaker":false,"isBestMatch":true},{"id":2577388551,"price":"23123.31000000","qty":"0.00083000","quoteQty":"19.19234730","time":1674853681195,"isBuyerMaker":true,"isBestMatch":true},{"id":2577388552,"price":"23123.08000000","qty":"0.00069000","quoteQty":"15.95492520","time":1674853681293,"isBuyerMaker":true,"isBestMatch":true},{"id":2577388553,"price":"23123.08000000","qty":"0.00054000","quoteQty":"12.48646320","time":1674853681293,"isBuyerMaker":true,"isBestMatch":true},{"id":2577388554,"price":"23123.08000000","qty":"0.00457000","quoteQty":"105.67247560","time":1674853681293,"isBuyerMaker":true,"isBestMatch":true},{"id":2577388555,"price":"23123.08000000","qty":"0.00179000","quoteQty":"41.39031320","time":1674853681293,"isBuyerMaker":true,"isBestMatch":true},{"id":2577388556,"price":"23123.08000000","qty":"0.00060000","quoteQty":"13.87384800","time":1674853681293,"isBuyerMaker":true,"isBestMatch":true},{"id":2577388557,"price":"23123.08000000","qty":"0.01315000","quoteQty":"304.06850200","time":1674853681293,"isBuyerMaker":true,"isBestMatch":true},{"id":2577388558,"price":"23123.08000000","qty":"0.00495000","quoteQty":"114.45924600","time":1674853681397,"isBuyerMaker":true,"isBestMatch":true},{"id":2577388559,"price":"23123.08000000","qty":"0.00240000","quoteQty":"55.49539200","time":1674853681500,"isBuyerMaker":true,"isBestMatch":true},{"id":2577388560,"price":"23122.95000000","qty":"0.00212000","quoteQty":"49.02065400","time":1674853681504,"isBuyerMaker":true,"isBestMatch":true},{"id":2577388561,"price":"23122.95000000","qty":"0.00275000","quoteQty":"63.58811250","time":1674853681504,"isBuyerMaker":true,"isBestMatch":true},{"id":2577388562,"price":"23122.91000000","qty":"0.00216000","quoteQty":"49.94548560","time":1674853681504,"isBuyerMaker":true,"isBestMatch":true},{"id":2577388563,"price":"23122.91000000","qty":"0.00216000","quoteQty":"49.94548560","time":1674853681504,"isBuyerMaker":true,"isBestMatch":true},{"id":2577388564,"price":"23122.91000000","qty":"0.00212000","quoteQty":"49.02056920","time":1674853681504,"isBuyerMaker":true,"isBestMatch":true},{"id":2577388565,"price":"23122.91000000","qty":"0.00213000","quoteQty":"49.25179830","time":1674853681504,"isBuyerMaker":true,"isBestMatch":true},{"id":2577388566,"price":"23122.91000000","qty":"0.00210000","quoteQty":"48.55811100","time":1674853681504,"isBuyerMaker":true,"isBestMatch":true},{"id":2577388567,"price":"23122.91000000","qty":"0.00150000","quoteQty":"34.68436500","time":1674853681504,"isBuyerMaker":true,"isBestMatch":true},{"id":2577388568,"price":"23122.91000000","qty":"0.00062000","quoteQty":"14.33620420","time":1674853681506,"isBuyerMaker":true,"isBestMatch":true},{"id":2577388569,"price":"23122.91000000","qty":"0.00213000","quoteQty":"49.25179830","time":1674853681506,"isBuyerMaker":true,"isBestMatch":true},{"id":2577388570,"price":"23122.90000000","qty":"0.00390000","quoteQty":"90.17931000","time":1674853681506,"isBuyerMaker":true,"isBestMatch":true},{"id":2577388571,"price":"23122.90000000","qty":"0.00275000","quoteQty":"63.58797500","time":1674853681511,"isBuyerMaker":true,"isBestMatch":true},{"id":2577388572,"price":"23122.79000000","qty":"0.00100000","quoteQty":"23.12279000","time":1674853681512,"isBuyerMaker":true,"isBestMatch":true},{"id":2577388573,"price":"23122.67000000","qty":"0.00299000","quoteQty":"69.13678330","time":1674853681512,"isBuyerMaker":true,"isBestMatch":true},{"id":2577388574,"price":"23122.67000000","qty":"0.00085000","quoteQty":"19.65426950","time":1674853681512,"isBuyerMaker":true,"isBestMatch":true},{"id":2577388575,"price":"23122.67000000","qty":"0.00114000","quoteQty":"26.35984380","time":1674853681512,"isBuyerMaker":true,"isBestMatch":true},{"id":2577388576,"price":"23122.66000000","qty":"0.00094000","quoteQty":"21.73530040","time":1674853681512,"isBuyerMaker":true,"isBestMatch":true},{"id":2577388577,"price":"23122.66000000","qty":"0.00279000","quoteQty":"64.51222140","time":1674853681512,"isBuyerMaker":true,"isBestMatch":true},{"id":2577388578,"price":"23122.66000000","qty":"0.00598000","quoteQty":"138.27350680","time":1674853681515,"isBuyerMaker":true,"isBestMatch":true},{"id":2577388579,"price":"23122.65000000","qty":"0.00069000","quoteQty":"15.95462850","time":1674853681515,"isBuyerMaker":true,"isBestMatch":true},{"id":2577388580,"price":"23122.60000000","qty":"0.00600000","quoteQty":"138.73560000","time":1674853681515,"isBuyerMaker":true,"isBestMatch":true},{"id":2577388581,"price":"23122.59000000","qty":"0.00600000","quoteQty":"138.73554000","time":1674853681515,"isBuyerMaker":true,"isBestMatch":true},{"id":2577388582,"price":"23122.55000000","qty":"0.01033000","quoteQty":"238.85594150","time":1674853681515,"isBuyerMaker":true,"isBestMatch":true},{"id":2577388583,"price":"23122.55000000","qty":"0.00333000","quoteQty":"76.99809150","time":1674853681515,"isBuyerMaker":true,"isBestMatch":true},{"id":2577388584,"price":"23122.55000000","qty":"0.01278000","quoteQty":"295.50618900","time":1674853681515,"isBuyerMaker":true,"isBestMatch":true},{"id":2577388585,"price":"23122.55000000","qty":"0.00208000","quoteQty":"48.09490400","time":1674853681515,"isBuyerMaker":true,"isBestMatch":true},{"id":2577388586,"price":"23122.54000000","qty":"0.00256000","quoteQty":"59.19370240","time":1674853681515,"isBuyerMaker":true,"isBestMatch":true},{"id":2577388587,"price":"23122.53000000","qty":"0.00304000","quoteQty":"70.29249120","time":1674853681515,"isBuyerMaker":true,"isBestMatch":true},{"id":2577388588,"price":"23122.53000000","qty":"0.01197000","quoteQty":"276.77668410","time":1674853681515,"isBuyerMaker":true,"isBestMatch":true},{"id":2577388589,"price":"23122.52000000","qty":"0.00454000","quoteQty":"104.97624080","time":1674853681515,"isBuyerMaker":true,"isBestMatch":true},{"id":2577388590,"price":"23122.52000000","qty":"0.00455000","quoteQty":"105.20746600","time":1674853681515,"isBuyerMaker":true,"isBestMatch":true},{"id":2577388591,"price":"23122.51000000","qty":"0.01179000","quoteQty":"272.61439290","time":1674853681515,"isBuyerMaker":true,"isBestMatch":true},{"id":2577388592,"price":"23122.51000000","qty":"0.01179000","quoteQty":"272.61439290","time":1674853681515,"isBuyerMaker":true,"isBestMatch":true},{"id":2577388593,"price":"23122.51000000","qty":"0.01159000","quoteQty":"267.98989090","time":1674853681515,"isBuyerMaker":true,"isBestMatch":true},{"id":2577388594,"price":"23122.51000000","qty":"0.01039000","quoteQty":"240.24287890","time":1674853681515,"isBuyerMaker":true,"isBestMatch":true},{"id":2577388595,"price":"23122.51000000","qty":"0.01157000","quoteQty":"267.52744070","time":1674853681515,"isBuyerMaker":true,"isBestMatch":true},{"id":2577388596,"price":"23122.50000000","qty":"0.00532000","quoteQty":"123.01170000","time":1674853681515,"isBuyerMaker":true,"isBestMatch":true},{"id":2577388597,"price":"23122.36000000","qty":"0.02647000","quoteQty":"612.04886920","time":1674853681515,"isBuyerMaker":true,"isBestMatch":true},{"id":2577388598,"price":"23122.32000000","qty":"0.00066000","quoteQty":"15.26073120","time":1674853681515,"isBuyerMaker":true,"isBestMatch":true},{"id":2577388599,"price":"23122.28000000","qty":"0.04975000","quoteQty":"1150.33343000","time":1674853681515,"isBuyerMaker":true,"isBestMatch":true},{"id":2577388600,"price":"23122.27000000","qty":"0.00697000","quoteQty":"161.16222190","time":1674853681515,"isBuyerMaker":true,"isBestMatch":true},{"id":2577388601,"price":"23122.22000000","qty":"0.00069000","quoteQty":"15.95433180","time":1674853681515,"isBuyerMaker":true,"isBestMatch":true},{"id":2577388602,"price":"23122.17000000","qty":"0.01159000","quoteQty":"267.98595030","time":1674853681515,"isBuyerMaker":true,"isBestMatch":true},{"id":2577388603,"price":"23122.15000000","qty":"0.00998000","quoteQty":"230.75905700","time":1674853681515,"isBuyerMaker":true,"isBestMatch":true},{"id":2577388604,"price":"23122.07000000","qty":"0.08318000","quoteQty":"1923.29378260","time":1674853681515,"isBuyerMaker":true,"isBestMatch":true},{"id":2577388605,"price":"23122.02000000","qty":"0.01159000","quoteQty":"267.98421180","time":1674853681515,"isBuyerMaker":true,"isBestMatch":true},{"id":2577388606,"price":"23122.01000000","qty":"0.01159000","quoteQty":"267.98409590","time":1674853681515,"isBuyerMaker":true,"isBestMatch":true},{"id":2577388607,"price":"23121.99000000","qty":"0.00219000","quoteQty":"50.63715810","time":1674853681515,"isBuyerMaker":true,"isBestMatch":true},{"id":2577388608,"price":"23121.87000000","qty":"0.00235000","quoteQty":"54.33639450","time":1674853681515,"isBuyerMaker":true,"isBestMatch":true},{"id":2577388609,"price":"23121.79000000","qty":"0.00069000","quoteQty":"15.95403510","time":1674853681515,"isBuyerMaker":true,"isBestMatch":true},{"id":2577388610,"price":"23121.74000000","qty":"0.04410000","quoteQty":"1019.66873400","time":1674853681515,"isBuyerMaker":true,"isBestMatch":true},{"id":2577388611,"price":"23121.73000000","qty":"0.38809000","quoteQty":"8973.31219570","time":1674853681515,"isBuyerMaker":true,"isBestMatch":true},{"id":2577388612,"price":"23121.72000000","qty":"0.03641000","quoteQty":"841.86182520","time":1674853681515,"isBuyerMaker":true,"isBestMatch":true},{"id":2577388613,"price":"23122.92000000","qty":"0.00864000","quoteQty":"199.78202880","time":1674853681516,"isBuyerMaker":false,"isBestMatch":true},{"id":2577388614,"price":"23121.75000000","qty":"0.00600000","quoteQty":"138.73050000","time":1674853681537,"isBuyerMaker":false,"isBestMatch":true},{"id":2577388615,"price":"23121.75000000","qty":"0.00084000","quoteQty":"19.42227000","time":1674853681541,"isBuyerMaker":false,"isBestMatch":true},{"id":2577388616,"price":"23121.75000000","qty":"0.00015000","quoteQty":"3.46826250","time":1674853681567,"isBuyerMaker":false,"isBestMatch":true},{"id":2577388617,"price":"23123.08000000","qty":"0.00069000","quoteQty":"15.95492520","time":1674853681567,"isBuyerMaker":false,"isBestMatch":true},{"id":2577388618,"price":"23123.31000000","qty":"0.00066000","quoteQty":"15.26138460","time":1674853681567,"isBuyerMaker":false,"isBestMatch":true},{"id":2577388619,"price":"23123.51000000","qty":"0.00069000","quoteQty":"15.95522190","time":1674853681567,"isBuyerMaker":false,"isBestMatch":true},{"id":2577388620,"price":"23123.81000000","qty":"0.00314000","quoteQty":"72.60876340","time":1674853681567,"isBuyerMaker":false,"isBestMatch":true},{"id":2577388621,"price":"23123.88000000","qty":"0.04467000","quoteQty":"1032.94371960","time":1674853681567,"isBuyerMaker":false,"isBestMatch":true},{"id":2577388622,"price":"23123.60000000","qty":"0.00098000","quoteQty":"22.66112800","time":1674853681572,"isBuyerMaker":false,"isBestMatch":true},{"id":2577388623,"price":"23122.66000000","qty":"0.00061000","quoteQty":"14.10482260","time":1674853681592,"isBuyerMaker":true,"isBestMatch":true},{"id":2577388624,"price":"23122.67000000","qty":"0.00069000","quoteQty":"15.95464230","time":1674853681594,"isBuyerMaker":true,"isBestMatch":true},{"id":2577388625,"price":"23123.58000000","qty":"0.00432000","quoteQty":"99.89386560","time":1674853681605,"isBuyerMaker":false,"isBestMatch":true},{"id":2577388626,"price":"23123.87000000","qty":"0.04998000","quoteQty":"1155.73102260","time":1674853681605,"isBuyerMaker":false,"isBestMatch":true},{"id":2577388627,"price":"23122.48000000","qty":"0.00069000","quoteQty":"15.95451120","time":1674853681634,"isBuyerMaker":true,"isBestMatch":true},{"id":2577388628,"price":"23122.47000000","qty":"0.00086000","quoteQty":"19.88532420","time":1674853681653,"isBuyerMaker":true,"isBestMatch":true},{"id":2577388629,"price":"23123.88000000","qty":"0.05000000","quoteQty":"1156.19400000","time":1674853681663,"isBuyerMaker":false,"isBestMatch":true},{"id":2577388630,"price":"23123.05000000","qty":"0.00069000","quoteQty":"15.95490450","time":1674853681727,"isBuyerMaker":false,"isBestMatch":true},{"id":2577388631,"price":"23123.04000000","qty":"0.00074000","quoteQty":"17.11104960","time":1674853681743,"isBuyerMaker":true,"isBestMatch":true},{"id":2577388632,"price":"23123.04000000","qty":"0.05857000","quoteQty":"1354.31645280","time":1674853681765,"isBuyerMaker":true,"isBestMatch":true},{"id":2577388633,"price":"23123.04000000","qty":"0.00432000","quoteQty":"99.89153280","time":1674853681765,"isBuyerMaker":true,"isBestMatch":true},{"id":2577388634,"price":"23122.65000000","qty":"0.00069000","quoteQty":"15.95462850","time":1674853681792,"isBuyerMaker":true,"isBestMatch":true},{"id":2577388635,"price":"23122.65000000","qty":"0.00044000","quoteQty":"10.17396600","time":1674853681872,"isBuyerMaker":true,"isBestMatch":true},{"id":2577388636,"price":"23122.65000000","qty":"0.00600000","quoteQty":"138.73590000","time":1674853681927,"isBuyerMaker":true,"isBestMatch":true},{"id":2577388637,"price":"23122.65000000","qty":"0.02875000","quoteQty":"664.77618750","time":1674853681934,"isBuyerMaker":true,"isBestMatch":true},{"id":2577388638,"price":"23122.47000000","qty":"0.00507000","quoteQty":"117.23092290","time":1674853681935,"isBuyerMaker":true,"isBestMatch":true},{"id":2577388639,"price":"23122.65000000","qty":"0.00084000","quoteQty":"19.42302600","time":1674853681995,"isBuyerMaker":true,"isBestMatch":true},{"id":2577388640,"price":"23122.95000000","qty":"0.00432000","quoteQty":"99.89114400","time":1674853682002,"isBuyerMaker":true,"isBestMatch":true},{"id":2577388641,"price":"23122.95000000","qty":"0.01131000","quoteQty":"261.52056450","time":1674853682006,"isBuyerMaker":true,"isBestMatch":true}]
2023-01-27 22:08:16.623[1674853696623] | INFO  | main       | c.b.c.client.utils.RequestHandler    - GET https://api.binance.com/api/v3/historicalTrades?symbol=BTCUSDT&limit=100
2023-01-27 22:08:17.137[1674853697137] | INFO  | main       | org.example.HistoricalTrades         - [{"id":2577390299,"price":"23110.00000000","qty":"0.00355000","quoteQty":"82.04050000","time":1674853696841,"isBuyerMaker":true,"isBestMatch":true},{"id":2577390300,"price":"23110.00000000","qty":"0.06908000","quoteQty":"1596.43880000","time":1674853696841,"isBuyerMaker":true,"isBestMatch":true},{"id":2577390301,"price":"23110.25000000","qty":"0.01159000","quoteQty":"267.84779750","time":1674853696895,"isBuyerMaker":true,"isBestMatch":true},{"id":2577390302,"price":"23110.25000000","qty":"0.01159000","quoteQty":"267.84779750","time":1674853696895,"isBuyerMaker":true,"isBestMatch":true},{"id":2577390303,"price":"23110.03000000","qty":"0.01159000","quoteQty":"267.84524770","time":1674853696895,"isBuyerMaker":true,"isBestMatch":true},{"id":2577390304,"price":"23110.00000000","qty":"0.36344000","quoteQty":"8399.09840000","time":1674853696895,"isBuyerMaker":true,"isBestMatch":true},{"id":2577390305,"price":"23109.88000000","qty":"0.01200000","quoteQty":"277.31856000","time":1674853696951,"isBuyerMaker":true,"isBestMatch":true},{"id":2577390306,"price":"23109.78000000","qty":"0.00326000","quoteQty":"75.33788280","time":1674853696951,"isBuyerMaker":true,"isBestMatch":true},{"id":2577390307,"price":"23109.74000000","qty":"0.10821000","quoteQty":"2500.70496540","time":1674853696951,"isBuyerMaker":true,"isBestMatch":true},{"id":2577390308,"price":"23109.58000000","qty":"0.00633000","quoteQty":"146.28364140","time":1674853696951,"isBuyerMaker":true,"isBestMatch":true},{"id":2577390309,"price":"23109.54000000","qty":"0.00865000","quoteQty":"199.89752100","time":1674853696951,"isBuyerMaker":true,"isBestMatch":true},{"id":2577390310,"price":"23109.53000000","qty":"0.00499000","quoteQty":"115.31655470","time":1674853696951,"isBuyerMaker":true,"isBestMatch":true},{"id":2577390311,"price":"23109.45000000","qty":"0.00066000","quoteQty":"15.25223700","time":1674853696951,"isBuyerMaker":true,"isBestMatch":true},{"id":2577390312,"price":"23109.26000000","qty":"0.04977000","quoteQty":"1150.14787020","time":1674853696951,"isBuyerMaker":true,"isBestMatch":true},{"id":2577390313,"price":"23109.26000000","qty":"0.01661000","quoteQty":"383.84480860","time":1674853696951,"isBuyerMaker":true,"isBestMatch":true},{"id":2577390314,"price":"23109.26000000","qty":"0.03316000","quoteQty":"766.30306160","time":1674853697005,"isBuyerMaker":true,"isBestMatch":true},{"id":2577390315,"price":"23109.26000000","qty":"0.04977000","quoteQty":"1150.14787020","time":1674853697005,"isBuyerMaker":true,"isBestMatch":true},{"id":2577390316,"price":"23109.26000000","qty":"0.04977000","quoteQty":"1150.14787020","time":1674853697005,"isBuyerMaker":true,"isBestMatch":true},{"id":2577390317,"price":"23109.26000000","qty":"0.04977000","quoteQty":"1150.14787020","time":1674853697005,"isBuyerMaker":true,"isBestMatch":true},{"id":2577390318,"price":"23109.26000000","qty":"0.04977000","quoteQty":"1150.14787020","time":1674853697005,"isBuyerMaker":true,"isBestMatch":true},{"id":2577390319,"price":"23109.26000000","qty":"0.04977000","quoteQty":"1150.14787020","time":1674853697005,"isBuyerMaker":true,"isBestMatch":true},{"id":2577390320,"price":"23109.26000000","qty":"0.04977000","quoteQty":"1150.14787020","time":1674853697005,"isBuyerMaker":true,"isBestMatch":true},{"id":2577390321,"price":"23109.26000000","qty":"0.00184000","quoteQty":"42.52103840","time":1674853697005,"isBuyerMaker":true,"isBestMatch":true},{"id":2577390322,"price":"23109.00000000","qty":"0.00044000","quoteQty":"10.16796000","time":1674853697005,"isBuyerMaker":true,"isBestMatch":true},{"id":2577390323,"price":"23108.94000000","qty":"0.00680000","quoteQty":"157.14079200","time":1674853697005,"isBuyerMaker":true,"isBestMatch":true},{"id":2577390324,"price":"23111.55000000","qty":"0.04648000","quoteQty":"1074.22484400","time":1674853697022,"isBuyerMaker":false,"isBestMatch":true},{"id":2577390325,"price":"23111.56000000","qty":"0.02542000","quoteQty":"587.49585520","time":1674853697022,"isBuyerMaker":false,"isBestMatch":true},{"id":2577390326,"price":"23111.58000000","qty":"0.03960000","quoteQty":"915.21856800","time":1674853697022,"isBuyerMaker":false,"isBestMatch":true},{"id":2577390327,"price":"23111.59000000","qty":"0.10000000","quoteQty":"2311.15900000","time":1674853697022,"isBuyerMaker":false,"isBestMatch":true},{"id":2577390328,"price":"23111.60000000","qty":"0.02667000","quoteQty":"616.38637200","time":1674853697022,"isBuyerMaker":false,"isBestMatch":true},{"id":2577390329,"price":"23111.62000000","qty":"0.08912000","quoteQty":"2059.70757440","time":1674853697022,"isBuyerMaker":false,"isBestMatch":true},{"id":2577390330,"price":"23111.64000000","qty":"0.02662000","quoteQty":"615.23185680","time":1674853697022,"isBuyerMaker":false,"isBestMatch":true},{"id":2577390331,"price":"23111.68000000","qty":"0.04449000","quoteQty":"1028.23864320","time":1674853697022,"isBuyerMaker":false,"isBestMatch":true},{"id":2577390332,"price":"23111.72000000","qty":"0.03787000","quoteQty":"875.24083640","time":1674853697022,"isBuyerMaker":false,"isBestMatch":true},{"id":2577390333,"price":"23111.73000000","qty":"0.07194000","quoteQty":"1662.65785620","time":1674853697022,"isBuyerMaker":false,"isBestMatch":true},{"id":2577390334,"price":"23111.73000000","qty":"0.01632000","quoteQty":"377.18343360","time":1674853697026,"isBuyerMaker":false,"isBestMatch":true},{"id":2577390335,"price":"23111.74000000","qty":"0.02896000","quoteQty":"669.31599040","time":1674853697026,"isBuyerMaker":false,"isBestMatch":true},{"id":2577390336,"price":"23111.77000000","qty":"0.05089000","quoteQty":"1176.15797530","time":1674853697026,"isBuyerMaker":false,"isBestMatch":true},{"id":2577390337,"price":"23111.78000000","qty":"0.04515000","quoteQty":"1043.49686700","time":1674853697026,"isBuyerMaker":false,"isBestMatch":true},{"id":2577390338,"price":"23111.81000000","qty":"0.03037000","quoteQty":"701.90566970","time":1674853697026,"isBuyerMaker":false,"isBestMatch":true},{"id":2577390339,"price":"23111.85000000","qty":"0.02620000","quoteQty":"605.53047000","time":1674853697026,"isBuyerMaker":false,"isBestMatch":true},{"id":2577390340,"price":"23112.03000000","qty":"0.05000000","quoteQty":"1155.60150000","time":1674853697026,"isBuyerMaker":false,"isBestMatch":true},{"id":2577390341,"price":"23112.53000000","qty":"0.03256000","quoteQty":"752.54397680","time":1674853697026,"isBuyerMaker":false,"isBestMatch":true},{"id":2577390342,"price":"23111.54000000","qty":"0.01088000","quoteQty":"251.45355520","time":1674853697029,"isBuyerMaker":false,"isBestMatch":true},{"id":2577390343,"price":"23112.56000000","qty":"0.00089000","quoteQty":"20.57017840","time":1674853697029,"isBuyerMaker":false,"isBestMatch":true},{"id":2577390344,"price":"23112.62000000","qty":"0.00632000","quoteQty":"146.07175840","time":1674853697029,"isBuyerMaker":false,"isBestMatch":true},{"id":2577390345,"price":"23112.77000000","qty":"0.02000000","quoteQty":"462.25540000","time":1674853697029,"isBuyerMaker":false,"isBestMatch":true},{"id":2577390346,"price":"23112.77000000","qty":"0.00688000","quoteQty":"159.01585760","time":1674853697029,"isBuyerMaker":false,"isBestMatch":true},{"id":2577390347,"price":"23112.96000000","qty":"0.13301000","quoteQty":"3074.25480960","time":1674853697029,"isBuyerMaker":false,"isBestMatch":true},{"id":2577390348,"price":"23113.17000000","qty":"0.08168000","quoteQty":"1887.88372560","time":1674853697029,"isBuyerMaker":false,"isBestMatch":true},{"id":2577390349,"price":"23113.17000000","qty":"0.01049000","quoteQty":"242.45715330","time":1674853697029,"isBuyerMaker":false,"isBestMatch":true},{"id":2577390350,"price":"23113.18000000","qty":"0.35785000","quoteQty":"8271.05146300","time":1674853697029,"isBuyerMaker":false,"isBestMatch":true},{"id":2577390351,"price":"23113.19000000","qty":"0.00665000","quoteQty":"153.70271350","time":1674853697029,"isBuyerMaker":false,"isBestMatch":true},{"id":2577390352,"price":"23113.19000000","qty":"0.68899000","quoteQty":"15924.75677810","time":1674853697029,"isBuyerMaker":false,"isBestMatch":true},{"id":2577390353,"price":"23113.19000000","qty":"0.06956000","quoteQty":"1607.75349640","time":1674853697029,"isBuyerMaker":false,"isBestMatch":true},{"id":2577390354,"price":"23113.19000000","qty":"0.24238000","quoteQty":"5602.17499220","time":1674853697030,"isBuyerMaker":false,"isBestMatch":true},{"id":2577390355,"price":"23113.23000000","qty":"0.15144000","quoteQty":"3500.26755120","time":1674853697030,"isBuyerMaker":false,"isBestMatch":true},{"id":2577390356,"price":"23113.23000000","qty":"0.14421000","quoteQty":"3333.15889830","time":1674853697030,"isBuyerMaker":false,"isBestMatch":true},{"id":2577390357,"price":"23113.24000000","qty":"0.07835000","quoteQty":"1810.92235400","time":1674853697030,"isBuyerMaker":false,"isBestMatch":true},{"id":2577390358,"price":"23111.54000000","qty":"0.03396000","quoteQty":"784.86789840","time":1674853697032,"isBuyerMaker":false,"isBestMatch":true},{"id":2577390359,"price":"23113.17000000","qty":"0.08168000","quoteQty":"1887.88372560","time":1674853697032,"isBuyerMaker":false,"isBestMatch":true},{"id":2577390360,"price":"23113.24000000","qty":"0.02165000","quoteQty":"500.40164600","time":1674853697032,"isBuyerMaker":false,"isBestMatch":true},{"id":2577390361,"price":"23113.25000000","qty":"0.04000000","quoteQty":"924.53000000","time":1674853697032,"isBuyerMaker":false,"isBestMatch":true},{"id":2577390362,"price":"23113.27000000","qty":"0.04000000","quoteQty":"924.53080000","time":1674853697032,"isBuyerMaker":false,"isBestMatch":true},{"id":2577390363,"price":"23113.33000000","qty":"0.00900000","quoteQty":"208.01997000","time":1674853697032,"isBuyerMaker":false,"isBestMatch":true},{"id":2577390364,"price":"23113.39000000","qty":"0.00465000","quoteQty":"107.47726350","time":1674853697032,"isBuyerMaker":false,"isBestMatch":true},{"id":2577390365,"price":"23113.40000000","qty":"0.02800000","quoteQty":"647.17520000","time":1674853697032,"isBuyerMaker":false,"isBestMatch":true},{"id":2577390366,"price":"23113.50000000","qty":"0.00518000","quoteQty":"119.72793000","time":1674853697032,"isBuyerMaker":false,"isBestMatch":true},{"id":2577390367,"price":"23113.69000000","qty":"0.00717000","quoteQty":"165.72515730","time":1674853697032,"isBuyerMaker":false,"isBestMatch":true},{"id":2577390368,"price":"23113.74000000","qty":"0.14953000","quoteQty":"3456.19754220","time":1674853697032,"isBuyerMaker":false,"isBestMatch":true},{"id":2577390369,"price":"23113.74000000","qty":"0.15092000","quoteQty":"3488.32564080","time":1674853697032,"isBuyerMaker":false,"isBestMatch":true},{"id":2577390370,"price":"23113.74000000","qty":"0.15144000","quoteQty":"3500.34478560","time":1674853697032,"isBuyerMaker":false,"isBestMatch":true},{"id":2577390371,"price":"23113.74000000","qty":"0.12980000","quoteQty":"3000.16345200","time":1674853697032,"isBuyerMaker":false,"isBestMatch":true},{"id":2577390372,"price":"23113.74000000","qty":"0.14901000","quoteQty":"3444.17839740","time":1674853697032,"isBuyerMaker":false,"isBestMatch":true},{"id":2577390373,"price":"23113.74000000","qty":"0.15061000","quoteQty":"3481.16038140","time":1674853697032,"isBuyerMaker":false,"isBestMatch":true},{"id":2577390374,"price":"23113.74000000","qty":"0.15144000","quoteQty":"3500.34478560","time":1674853697032,"isBuyerMaker":false,"isBestMatch":true},{"id":2577390375,"price":"23113.74000000","qty":"0.15144000","quoteQty":"3500.34478560","time":1674853697032,"isBuyerMaker":false,"isBestMatch":true},{"id":2577390376,"price":"23113.74000000","qty":"0.15429000","quoteQty":"3566.21894460","time":1674853697032,"isBuyerMaker":false,"isBestMatch":true},{"id":2577390377,"price":"23113.86000000","qty":"0.15481000","quoteQty":"3578.25666660","time":1674853697032,"isBuyerMaker":false,"isBestMatch":true},{"id":2577390378,"price":"23113.86000000","qty":"0.15144000","quoteQty":"3500.36295840","time":1674853697032,"isBuyerMaker":false,"isBestMatch":true},{"id":2577390379,"price":"23113.87000000","qty":"0.07579000","quoteQty":"1751.80020730","time":1674853697032,"isBuyerMaker":false,"isBestMatch":true},{"id":2577390380,"price":"23112.55000000","qty":"0.04648000","quoteQty":"1074.27132400","time":1674853697034,"isBuyerMaker":false,"isBestMatch":true},{"id":2577390381,"price":"23113.87000000","qty":"0.34600000","quoteQty":"7997.39902000","time":1674853697034,"isBuyerMaker":false,"isBestMatch":true},{"id":2577390382,"price":"23113.88000000","qty":"0.06878000","quoteQty":"1589.77266640","time":1674853697034,"isBuyerMaker":false,"isBestMatch":true},{"id":2577390383,"price":"23113.17000000","qty":"0.08168000","quoteQty":"1887.88372560","time":1674853697044,"isBuyerMaker":false,"isBestMatch":true},{"id":2577390384,"price":"23113.18000000","qty":"0.26432000","quoteQty":"6109.27573760","time":1674853697044,"isBuyerMaker":false,"isBestMatch":true},{"id":2577390385,"price":"23113.18000000","qty":"0.00432000","quoteQty":"99.84893760","time":1674853697044,"isBuyerMaker":false,"isBestMatch":true},{"id":2577390386,"price":"23113.18000000","qty":"0.21779000","quoteQty":"5033.81947220","time":1674853697044,"isBuyerMaker":false,"isBestMatch":true},{"id":2577390387,"price":"23113.23000000","qty":"0.14421000","quoteQty":"3333.15889830","time":1674853697044,"isBuyerMaker":false,"isBestMatch":true},{"id":2577390388,"price":"23113.23000000","qty":"0.15112000","quoteQty":"3492.87131760","time":1674853697044,"isBuyerMaker":false,"isBestMatch":true},{"id":2577390389,"price":"23113.72000000","qty":"0.09324000","quoteQty":"2155.12325280","time":1674853697044,"isBuyerMaker":false,"isBestMatch":true},{"id":2577390390,"price":"23113.74000000","qty":"0.14953000","quoteQty":"3456.19754220","time":1674853697044,"isBuyerMaker":false,"isBestMatch":true},{"id":2577390391,"price":"23113.74000000","qty":"0.12980000","quoteQty":"3000.16345200","time":1674853697044,"isBuyerMaker":false,"isBestMatch":true},{"id":2577390392,"price":"23113.74000000","qty":"0.14827000","quoteQty":"3427.07422980","time":1674853697044,"isBuyerMaker":false,"isBestMatch":true},{"id":2577390393,"price":"23113.74000000","qty":"0.11293000","quoteQty":"2610.23465820","time":1674853697044,"isBuyerMaker":false,"isBestMatch":true},{"id":2577390394,"price":"23113.17000000","qty":"0.04648000","quoteQty":"1074.30014160","time":1674853697046,"isBuyerMaker":false,"isBestMatch":true},{"id":2577390395,"price":"23113.74000000","qty":"0.03821000","quoteQty":"883.17600540","time":1674853697046,"isBuyerMaker":false,"isBestMatch":true},{"id":2577390396,"price":"23113.74000000","qty":"0.15092000","quoteQty":"3488.32564080","time":1674853697046,"isBuyerMaker":false,"isBestMatch":true},{"id":2577390397,"price":"23113.74000000","qty":"0.14901000","quoteQty":"3444.17839740","time":1674853697046,"isBuyerMaker":false,"isBestMatch":true},{"id":2577390398,"price":"23113.74000000","qty":"0.06813000","quoteQty":"1574.73910620","time":1674853697046,"isBuyerMaker":false,"isBestMatch":true}]
2023-01-27 22:10:46.919[1674853846919] | INFO  | main       | c.b.c.client.utils.RequestHandler    - GET https://api.binance.com/api/v3/historicalTrades?symbol=BTCUSDT&limit=100
2023-01-27 22:10:47.466[1674853847466] | INFO  | main       | org.example.HistoricalTrades         - [{"id":2577401770,"price":"23121.05000000","qty":"0.01119000","quoteQty":"258.72454950","time":1674853843260,"isBuyerMaker":true,"isBestMatch":true},{"id":2577401771,"price":"23121.03000000","qty":"0.04000000","quoteQty":"924.84120000","time":1674853843260,"isBuyerMaker":true,"isBestMatch":true},{"id":2577401772,"price":"23121.01000000","qty":"0.01060000","quoteQty":"245.08270600","time":1674853843260,"isBuyerMaker":true,"isBestMatch":true},{"id":2577401773,"price":"23120.98000000","qty":"0.01120000","quoteQty":"258.95497600","time":1674853843260,"isBuyerMaker":true,"isBestMatch":true},{"id":2577401774,"price":"23120.96000000","qty":"0.01280000","quoteQty":"295.94828800","time":1674853843260,"isBuyerMaker":true,"isBestMatch":true},{"id":2577401775,"price":"23120.95000000","qty":"0.01062000","quoteQty":"245.54448900","time":1674853843260,"isBuyerMaker":true,"isBestMatch":true},{"id":2577401776,"price":"23120.93000000","qty":"0.00069000","quoteQty":"15.95344170","time":1674853843260,"isBuyerMaker":true,"isBestMatch":true},{"id":2577401777,"price":"23120.92000000","qty":"0.00266000","quoteQty":"61.50164720","time":1674853843260,"isBuyerMaker":true,"isBestMatch":true},{"id":2577401778,"price":"23120.89000000","qty":"0.01159000","quoteQty":"267.97111510","time":1674853843260,"isBuyerMaker":true,"isBestMatch":true},{"id":2577401779,"price":"23120.89000000","qty":"0.01039000","quoteQty":"240.22604710","time":1674853843260,"isBuyerMaker":true,"isBestMatch":true},{"id":2577401780,"price":"23120.80000000","qty":"0.00447000","quoteQty":"103.34997600","time":1674853843260,"isBuyerMaker":true,"isBestMatch":true},{"id":2577401781,"price":"23120.80000000","qty":"0.00560000","quoteQty":"129.47648000","time":1674853843260,"isBuyerMaker":true,"isBestMatch":true},{"id":2577401782,"price":"23120.76000000","qty":"0.10810000","quoteQty":"2499.35415600","time":1674853843260,"isBuyerMaker":true,"isBestMatch":true},{"id":2577401783,"price":"23120.74000000","qty":"0.04000000","quoteQty":"924.82960000","time":1674853843260,"isBuyerMaker":true,"isBestMatch":true},{"id":2577401784,"price":"23120.68000000","qty":"0.04000000","quoteQty":"924.82720000","time":1674853843260,"isBuyerMaker":true,"isBestMatch":true},{"id":2577401785,"price":"23120.59000000","qty":"0.00100000","quoteQty":"23.12059000","time":1674853843260,"isBuyerMaker":true,"isBestMatch":true},{"id":2577401786,"price":"23120.53000000","qty":"0.00659000","quoteQty":"152.36429270","time":1674853843262,"isBuyerMaker":true,"isBestMatch":true},{"id":2577401787,"price":"23120.50000000","qty":"0.00069000","quoteQty":"15.95314500","time":1674853843262,"isBuyerMaker":true,"isBestMatch":true},{"id":2577401788,"price":"23120.34000000","qty":"0.00066000","quoteQty":"15.25942440","time":1674853843271,"isBuyerMaker":true,"isBestMatch":true},{"id":2577401789,"price":"23120.21000000","qty":"0.03394000","quoteQty":"784.69992740","time":1674853843271,"isBuyerMaker":true,"isBestMatch":true},{"id":2577401790,"price":"23120.62000000","qty":"0.04900000","quoteQty":"1132.91038000","time":1674853843321,"isBuyerMaker":true,"isBestMatch":true},{"id":2577401791,"price":"23120.63000000","qty":"0.00400000","quoteQty":"92.48252000","time":1674853843397,"isBuyerMaker":true,"isBestMatch":true},{"id":2577401792,"price":"23120.64000000","qty":"0.00400000","quoteQty":"92.48256000","time":1674853843409,"isBuyerMaker":true,"isBestMatch":true},{"id":2577401793,"price":"23120.62000000","qty":"0.00076000","quoteQty":"17.57167120","time":1674853843423,"isBuyerMaker":true,"isBestMatch":true},{"id":2577401794,"price":"23120.18000000","qty":"0.01500000","quoteQty":"346.80270000","time":1674853843442,"isBuyerMaker":true,"isBestMatch":true},{"id":2577401795,"price":"23120.18000000","qty":"0.01200000","quoteQty":"277.44216000","time":1674853843454,"isBuyerMaker":true,"isBestMatch":true},{"id":2577401796,"price":"23120.93000000","qty":"0.00068000","quoteQty":"15.72223240","time":1674853843896,"isBuyerMaker":false,"isBestMatch":true},{"id":2577401797,"price":"23120.93000000","qty":"0.00001000","quoteQty":"0.23120930","time":1674853843998,"isBuyerMaker":false,"isBestMatch":true},{"id":2577401798,"price":"23121.33000000","qty":"0.00065000","quoteQty":"15.02886450","time":1674853844039,"isBuyerMaker":false,"isBestMatch":true},{"id":2577401799,"price":"23121.10000000","qty":"0.00600000","quoteQty":"138.72660000","time":1674853844437,"isBuyerMaker":true,"isBestMatch":true},{"id":2577401800,"price":"23121.10000000","qty":"0.00100000","quoteQty":"23.12110000","time":1674853844584,"isBuyerMaker":true,"isBestMatch":true},{"id":2577401801,"price":"23121.10000000","qty":"0.00419000","quoteQty":"96.87740900","time":1674853844809,"isBuyerMaker":true,"isBestMatch":true},{"id":2577401802,"price":"23121.11000000","qty":"0.04723000","quoteQty":"1092.01002530","time":1674853844823,"isBuyerMaker":false,"isBestMatch":true},{"id":2577401803,"price":"23121.11000000","qty":"0.01200000","quoteQty":"277.45332000","time":1674853844835,"isBuyerMaker":false,"isBestMatch":true},{"id":2577401804,"price":"23121.11000000","qty":"0.00008000","quoteQty":"1.84968880","time":1674853844842,"isBuyerMaker":false,"isBestMatch":true},{"id":2577401805,"price":"23121.11000000","qty":"0.00432000","quoteQty":"99.88319520","time":1674853844842,"isBuyerMaker":false,"isBestMatch":true},{"id":2577401806,"price":"23121.22000000","qty":"0.00064000","quoteQty":"14.79758080","time":1674853845230,"isBuyerMaker":true,"isBestMatch":true},{"id":2577401807,"price":"23121.21000000","qty":"0.00049000","quoteQty":"11.32939290","time":1674853845234,"isBuyerMaker":true,"isBestMatch":true},{"id":2577401808,"price":"23121.21000000","qty":"0.00001000","quoteQty":"0.23121210","time":1674853845234,"isBuyerMaker":true,"isBestMatch":true},{"id":2577401809,"price":"23121.13000000","qty":"0.00050000","quoteQty":"11.56056500","time":1674853845248,"isBuyerMaker":false,"isBestMatch":true},{"id":2577401810,"price":"23121.13000000","qty":"0.00100000","quoteQty":"23.12113000","time":1674853845248,"isBuyerMaker":false,"isBestMatch":true},{"id":2577401811,"price":"23121.23000000","qty":"0.00049000","quoteQty":"11.32940270","time":1674853845269,"isBuyerMaker":false,"isBestMatch":true},{"id":2577401812,"price":"23121.23000000","qty":"0.00001000","quoteQty":"0.23121230","time":1674853845269,"isBuyerMaker":false,"isBestMatch":true},{"id":2577401813,"price":"23121.33000000","qty":"0.00001000","quoteQty":"0.23121330","time":1674853845269,"isBuyerMaker":false,"isBestMatch":true},{"id":2577401814,"price":"23121.36000000","qty":"0.00069000","quoteQty":"15.95373840","time":1674853845269,"isBuyerMaker":false,"isBestMatch":true},{"id":2577401815,"price":"23121.53000000","qty":"0.00029000","quoteQty":"6.70524370","time":1674853845269,"isBuyerMaker":false,"isBestMatch":true},{"id":2577401816,"price":"23121.52000000","qty":"0.00432000","quoteQty":"99.88496640","time":1674853845280,"isBuyerMaker":false,"isBestMatch":true},{"id":2577401817,"price":"23121.53000000","qty":"0.02339000","quoteQty":"540.81258670","time":1674853845280,"isBuyerMaker":false,"isBestMatch":true},{"id":2577401818,"price":"23121.53000000","qty":"0.00432000","quoteQty":"99.88500960","time":1674853845285,"isBuyerMaker":false,"isBestMatch":true},{"id":2577401819,"price":"23121.64000000","qty":"0.01062000","quoteQty":"245.55181680","time":1674853845340,"isBuyerMaker":false,"isBestMatch":true},{"id":2577401820,"price":"23121.86000000","qty":"0.00175000","quoteQty":"40.46325500","time":1674853845340,"isBuyerMaker":false,"isBestMatch":true},{"id":2577401821,"price":"23121.11000000","qty":"0.00432000","quoteQty":"99.88319520","time":1674853845410,"isBuyerMaker":true,"isBestMatch":true},{"id":2577401822,"price":"23121.10000000","qty":"0.00768000","quoteQty":"177.57004800","time":1674853845410,"isBuyerMaker":true,"isBestMatch":true},{"id":2577401823,"price":"23121.10000000","qty":"0.00096000","quoteQty":"22.19625600","time":1674853845471,"isBuyerMaker":true,"isBestMatch":true},{"id":2577401824,"price":"23121.10000000","qty":"0.00088000","quoteQty":"20.34656800","time":1674853845472,"isBuyerMaker":true,"isBestMatch":true},{"id":2577401825,"price":"23121.10000000","qty":"0.00092000","quoteQty":"21.27141200","time":1674853845472,"isBuyerMaker":true,"isBestMatch":true},{"id":2577401826,"price":"23121.10000000","qty":"0.00070000","quoteQty":"16.18477000","time":1674853845476,"isBuyerMaker":true,"isBestMatch":true},{"id":2577401827,"price":"23121.33000000","qty":"0.00045000","quoteQty":"10.40459850","time":1674853845573,"isBuyerMaker":true,"isBestMatch":true},{"id":2577401828,"price":"23121.10000000","qty":"0.01366000","quoteQty":"315.83422600","time":1674853845580,"isBuyerMaker":true,"isBestMatch":true},{"id":2577401829,"price":"23121.65000000","qty":"0.00432000","quoteQty":"99.88552800","time":1674853845584,"isBuyerMaker":false,"isBestMatch":true},{"id":2577401830,"price":"23121.82000000","qty":"0.01730000","quoteQty":"400.00748600","time":1674853845584,"isBuyerMaker":false,"isBestMatch":true},{"id":2577401831,"price":"23121.82000000","qty":"0.00589000","quoteQty":"136.18751980","time":1674853845923,"isBuyerMaker":false,"isBestMatch":true},{"id":2577401832,"price":"23121.80000000","qty":"0.00054000","quoteQty":"12.48577200","time":1674853846288,"isBuyerMaker":false,"isBestMatch":true},{"id":2577401833,"price":"23121.63000000","qty":"0.00266000","quoteQty":"61.50353580","time":1674853846423,"isBuyerMaker":true,"isBestMatch":true},{"id":2577401834,"price":"23121.80000000","qty":"0.01104000","quoteQty":"255.26467200","time":1674853846493,"isBuyerMaker":false,"isBestMatch":true},{"id":2577401835,"price":"23121.33000000","qty":"0.01159000","quoteQty":"267.97621470","time":1674853846752,"isBuyerMaker":true,"isBestMatch":true},{"id":2577401836,"price":"23121.13000000","qty":"0.01003000","quoteQty":"231.90493390","time":1674853846752,"isBuyerMaker":true,"isBestMatch":true},{"id":2577401837,"price":"23121.13000000","qty":"0.00952000","quoteQty":"220.11315760","time":1674853846752,"isBuyerMaker":true,"isBestMatch":true},{"id":2577401838,"price":"23121.10000000","qty":"0.01210000","quoteQty":"279.76531000","time":1674853846752,"isBuyerMaker":true,"isBestMatch":true},{"id":2577401839,"price":"23121.34000000","qty":"0.00432000","quoteQty":"99.88418880","time":1674853846760,"isBuyerMaker":true,"isBestMatch":true},{"id":2577401840,"price":"23121.10000000","qty":"0.01290000","quoteQty":"298.26219000","time":1674853846774,"isBuyerMaker":true,"isBestMatch":true},{"id":2577401841,"price":"23121.08000000","qty":"0.00100000","quoteQty":"23.12108000","time":1674853846774,"isBuyerMaker":true,"isBestMatch":true},{"id":2577401842,"price":"23121.06000000","qty":"0.04000000","quoteQty":"924.84240000","time":1674853846774,"isBuyerMaker":true,"isBestMatch":true},{"id":2577401843,"price":"23121.78000000","qty":"0.00125000","quoteQty":"28.90222500","time":1674853846909,"isBuyerMaker":false,"isBestMatch":true},{"id":2577401844,"price":"23120.93000000","qty":"0.00069000","quoteQty":"15.95344170","time":1674853846998,"isBuyerMaker":true,"isBestMatch":true},{"id":2577401845,"price":"23120.67000000","qty":"0.01062000","quoteQty":"245.54151540","time":1674853846999,"isBuyerMaker":true,"isBestMatch":true},{"id":2577401846,"price":"23120.50000000","qty":"0.00069000","quoteQty":"15.95314500","time":1674853846999,"isBuyerMaker":true,"isBestMatch":true},{"id":2577401847,"price":"23120.43000000","qty":"0.01120000","quoteQty":"258.94881600","time":1674853846999,"isBuyerMaker":true,"isBestMatch":true},{"id":2577401848,"price":"23120.36000000","qty":"0.00117000","quoteQty":"27.05082120","time":1674853846999,"isBuyerMaker":true,"isBestMatch":true},{"id":2577401849,"price":"23120.34000000","qty":"0.00066000","quoteQty":"15.25942440","time":1674853846999,"isBuyerMaker":true,"isBestMatch":true},{"id":2577401850,"price":"23120.34000000","qty":"0.01194000","quoteQty":"276.05685960","time":1674853846999,"isBuyerMaker":true,"isBestMatch":true},{"id":2577401851,"price":"23121.32000000","qty":"0.00432000","quoteQty":"99.88410240","time":1674853847044,"isBuyerMaker":false,"isBestMatch":true},{"id":2577401852,"price":"23121.33000000","qty":"0.00066000","quoteQty":"15.26007780","time":1674853847044,"isBuyerMaker":false,"isBestMatch":true},{"id":2577401853,"price":"23121.36000000","qty":"0.00069000","quoteQty":"15.95373840","time":1674853847044,"isBuyerMaker":false,"isBestMatch":true},{"id":2577401854,"price":"23121.57000000","qty":"0.08665000","quoteQty":"2003.48404050","time":1674853847044,"isBuyerMaker":false,"isBestMatch":true},{"id":2577401855,"price":"23121.76000000","qty":"0.01159000","quoteQty":"267.98119840","time":1674853847044,"isBuyerMaker":false,"isBestMatch":true},{"id":2577401856,"price":"23121.78000000","qty":"0.00418000","quoteQty":"96.64904040","time":1674853847044,"isBuyerMaker":false,"isBestMatch":true},{"id":2577401857,"price":"23120.93000000","qty":"0.00069000","quoteQty":"15.95344170","time":1674853847070,"isBuyerMaker":true,"isBestMatch":true},{"id":2577401858,"price":"23121.72000000","qty":"0.00856000","quoteQty":"197.92192320","time":1674853847151,"isBuyerMaker":false,"isBestMatch":true},{"id":2577401859,"price":"23121.80000000","qty":"0.00001000","quoteQty":"0.23121800","time":1674853847151,"isBuyerMaker":false,"isBestMatch":true},{"id":2577401860,"price":"23121.81000000","qty":"0.01200000","quoteQty":"277.46172000","time":1674853847151,"isBuyerMaker":false,"isBestMatch":true},{"id":2577401861,"price":"23121.82000000","qty":"0.00105000","quoteQty":"24.27791100","time":1674853847151,"isBuyerMaker":false,"isBestMatch":true},{"id":2577401862,"price":"23121.82000000","qty":"0.02162000","quoteQty":"499.89374840","time":1674853847153,"isBuyerMaker":false,"isBestMatch":true},{"id":2577401863,"price":"23121.83000000","qty":"0.10000000","quoteQty":"2312.18300000","time":1674853847162,"isBuyerMaker":false,"isBestMatch":true},{"id":2577401864,"price":"23121.90000000","qty":"0.05390000","quoteQty":"1246.27041000","time":1674853847165,"isBuyerMaker":false,"isBestMatch":true},{"id":2577401865,"price":"23121.90000000","qty":"0.02800000","quoteQty":"647.41320000","time":1674853847167,"isBuyerMaker":false,"isBestMatch":true},{"id":2577401866,"price":"23121.90000000","qty":"0.02620000","quoteQty":"605.79378000","time":1674853847169,"isBuyerMaker":false,"isBestMatch":true},{"id":2577401867,"price":"23122.00000000","qty":"0.02800000","quoteQty":"647.41600000","time":1674853847174,"isBuyerMaker":false,"isBestMatch":true},{"id":2577401868,"price":"23122.32000000","qty":"0.00065000","quoteQty":"15.02950800","time":1674853847233,"isBuyerMaker":false,"isBestMatch":true},{"id":2577401869,"price":"23122.30000000","qty":"0.01946000","quoteQty":"449.95995800","time":1674853847285,"isBuyerMaker":false,"isBestMatch":true}]
2023-01-27 22:12:02.325[1674853922325] | INFO  | main       | c.b.c.client.utils.RequestHandler    - GET https://api.binance.com/api/v3/historicalTrades?symbol=BTCUSDT&limit=100
2023-01-27 22:12:02.882[1674853922882] | INFO  | main       | org.example.HistoricalTrades         - [{"id":2577406457,"price":"23123.50000000","qty":"0.00383000","quoteQty":"88.56300500","time":1674853921266,"isBuyerMaker":false,"isBestMatch":true},{"id":2577406458,"price":"23123.51000000","qty":"0.10000000","quoteQty":"2312.35100000","time":1674853921266,"isBuyerMaker":false,"isBestMatch":true},{"id":2577406459,"price":"23123.47000000","qty":"0.00049000","quoteQty":"11.33050030","time":1674853921279,"isBuyerMaker":true,"isBestMatch":true},{"id":2577406460,"price":"23123.57000000","qty":"0.00432000","quoteQty":"99.89382240","time":1674853921417,"isBuyerMaker":true,"isBestMatch":true},{"id":2577406461,"price":"23123.49000000","qty":"0.00055000","quoteQty":"12.71791950","time":1674853921433,"isBuyerMaker":false,"isBestMatch":true},{"id":2577406462,"price":"23123.49000000","qty":"0.05876000","quoteQty":"1358.73627240","time":1674853921440,"isBuyerMaker":false,"isBestMatch":true},{"id":2577406463,"price":"23123.70000000","qty":"0.00149000","quoteQty":"34.45431300","time":1674853921466,"isBuyerMaker":false,"isBestMatch":true},{"id":2577406464,"price":"23123.70000000","qty":"0.00172000","quoteQty":"39.77276400","time":1674853921466,"isBuyerMaker":false,"isBestMatch":true},{"id":2577406465,"price":"23123.70000000","qty":"0.00172000","quoteQty":"39.77276400","time":1674853921466,"isBuyerMaker":false,"isBestMatch":true},{"id":2577406466,"price":"23123.93000000","qty":"0.00500000","quoteQty":"115.61965000","time":1674853921466,"isBuyerMaker":false,"isBestMatch":true},{"id":2577406467,"price":"23123.94000000","qty":"0.00069000","quoteQty":"15.95551860","time":1674853921466,"isBuyerMaker":false,"isBestMatch":true},{"id":2577406468,"price":"23124.00000000","qty":"0.00075000","quoteQty":"17.34300000","time":1674853921466,"isBuyerMaker":false,"isBestMatch":true},{"id":2577406469,"price":"23124.00000000","qty":"0.00134000","quoteQty":"30.98616000","time":1674853921466,"isBuyerMaker":false,"isBestMatch":true},{"id":2577406470,"price":"23124.00000000","qty":"0.05723000","quoteQty":"1323.38652000","time":1674853921466,"isBuyerMaker":false,"isBestMatch":true},{"id":2577406471,"price":"23124.12000000","qty":"0.00245000","quoteQty":"56.65409400","time":1674853921466,"isBuyerMaker":false,"isBestMatch":true},{"id":2577406472,"price":"23124.16000000","qty":"0.00245000","quoteQty":"56.65419200","time":1674853921466,"isBuyerMaker":false,"isBestMatch":true},{"id":2577406473,"price":"23123.75000000","qty":"0.01060000","quoteQty":"245.11175000","time":1674853921660,"isBuyerMaker":false,"isBestMatch":true},{"id":2577406474,"price":"23123.62000000","qty":"0.00102000","quoteQty":"23.58609240","time":1674853921716,"isBuyerMaker":true,"isBestMatch":true},{"id":2577406475,"price":"23123.62000000","qty":"0.00085000","quoteQty":"19.65507700","time":1674853921716,"isBuyerMaker":true,"isBestMatch":true},{"id":2577406476,"price":"23123.62000000","qty":"0.00062000","quoteQty":"14.33664440","time":1674853921716,"isBuyerMaker":true,"isBestMatch":true},{"id":2577406477,"price":"23123.53000000","qty":"0.00240000","quoteQty":"55.49647200","time":1674853921716,"isBuyerMaker":true,"isBestMatch":true},{"id":2577406478,"price":"23123.51000000","qty":"0.00069000","quoteQty":"15.95522190","time":1674853921716,"isBuyerMaker":true,"isBestMatch":true},{"id":2577406479,"price":"23123.48000000","qty":"0.21294000","quoteQty":"4923.91383120","time":1674853921716,"isBuyerMaker":true,"isBestMatch":true},{"id":2577406480,"price":"23123.48000000","qty":"0.00276000","quoteQty":"63.82080480","time":1674853921716,"isBuyerMaker":true,"isBestMatch":true},{"id":2577406481,"price":"23123.47000000","qty":"0.01315000","quoteQty":"304.07363050","time":1674853921716,"isBuyerMaker":true,"isBestMatch":true},{"id":2577406482,"price":"23123.47000000","qty":"0.00495000","quoteQty":"114.46117650","time":1674853921716,"isBuyerMaker":true,"isBestMatch":true},{"id":2577406483,"price":"23123.42000000","qty":"0.00053000","quoteQty":"12.25541260","time":1674853921716,"isBuyerMaker":true,"isBestMatch":true},{"id":2577406484,"price":"23123.38000000","qty":"0.11704000","quoteQty":"2706.36039520","time":1674853921716,"isBuyerMaker":true,"isBestMatch":true},{"id":2577406485,"price":"23123.30000000","qty":"0.02500000","quoteQty":"578.08250000","time":1674853921716,"isBuyerMaker":true,"isBestMatch":true},{"id":2577406486,"price":"23123.23000000","qty":"0.10809000","quoteQty":"2499.38993070","time":1674853921716,"isBuyerMaker":true,"isBestMatch":true},{"id":2577406487,"price":"23123.08000000","qty":"0.00069000","quoteQty":"15.95492520","time":1674853921716,"isBuyerMaker":true,"isBestMatch":true},{"id":2577406488,"price":"23122.65000000","qty":"0.00069000","quoteQty":"15.95462850","time":1674853921716,"isBuyerMaker":true,"isBestMatch":true},{"id":2577406489,"price":"23122.50000000","qty":"0.00600000","quoteQty":"138.73500000","time":1674853921716,"isBuyerMaker":true,"isBestMatch":true},{"id":2577406490,"price":"23122.48000000","qty":"0.08255000","quoteQty":"1908.76072400","time":1674853921716,"isBuyerMaker":true,"isBestMatch":true},{"id":2577406491,"price":"23122.48000000","qty":"0.00315000","quoteQty":"72.83581200","time":1674853921716,"isBuyerMaker":true,"isBestMatch":true},{"id":2577406492,"price":"23122.47000000","qty":"0.08165000","quoteQty":"1887.94967550","time":1674853921716,"isBuyerMaker":true,"isBestMatch":true},{"id":2577406493,"price":"23122.47000000","qty":"0.15136000","quoteQty":"3499.81705920","time":1674853921716,"isBuyerMaker":true,"isBestMatch":true},{"id":2577406494,"price":"23122.45000000","qty":"0.01159000","quoteQty":"267.98919550","time":1674853921716,"isBuyerMaker":true,"isBestMatch":true},{"id":2577406495,"price":"23122.45000000","qty":"0.04325000","quoteQty":"1000.04596250","time":1674853921716,"isBuyerMaker":true,"isBestMatch":true},{"id":2577406496,"price":"23122.37000000","qty":"0.01319000","quoteQty":"304.98406030","time":1674853921716,"isBuyerMaker":true,"isBestMatch":true},{"id":2577406497,"price":"23122.37000000","qty":"0.14414000","quoteQty":"3332.85841180","time":1674853921716,"isBuyerMaker":true,"isBestMatch":true},{"id":2577406498,"price":"23122.37000000","qty":"0.00454000","quoteQty":"104.97555980","time":1674853921716,"isBuyerMaker":true,"isBestMatch":true},{"id":2577406499,"price":"23122.36000000","qty":"0.00752000","quoteQty":"173.88014720","time":1674853921716,"isBuyerMaker":true,"isBestMatch":true},{"id":2577406500,"price":"23122.36000000","qty":"0.00665000","quoteQty":"153.76369400","time":1674853921716,"isBuyerMaker":true,"isBestMatch":true},{"id":2577406501,"price":"23122.36000000","qty":"0.00176000","quoteQty":"40.69535360","time":1674853921716,"isBuyerMaker":true,"isBestMatch":true},{"id":2577406502,"price":"23123.08000000","qty":"0.00069000","quoteQty":"15.95492520","time":1674853921812,"isBuyerMaker":false,"isBestMatch":true},{"id":2577406503,"price":"23123.20000000","qty":"0.00465000","quoteQty":"107.52288000","time":1674853921831,"isBuyerMaker":false,"isBestMatch":true},{"id":2577406504,"price":"23123.07000000","qty":"0.05931000","quoteQty":"1371.42928170","time":1674853921842,"isBuyerMaker":true,"isBestMatch":true},{"id":2577406505,"price":"23123.08000000","qty":"0.00462000","quoteQty":"106.82862960","time":1674853921920,"isBuyerMaker":true,"isBestMatch":true},{"id":2577406506,"price":"23123.07000000","qty":"0.00070000","quoteQty":"16.18614900","time":1674853921920,"isBuyerMaker":true,"isBestMatch":true},{"id":2577406507,"price":"23122.89000000","qty":"0.00133000","quoteQty":"30.75344370","time":1674853921920,"isBuyerMaker":true,"isBestMatch":true},{"id":2577406508,"price":"23122.88000000","qty":"0.01060000","quoteQty":"245.10252800","time":1674853921920,"isBuyerMaker":true,"isBestMatch":true},{"id":2577406509,"price":"23122.65000000","qty":"0.00069000","quoteQty":"15.95462850","time":1674853921920,"isBuyerMaker":true,"isBestMatch":true},{"id":2577406510,"price":"23122.65000000","qty":"0.00073000","quoteQty":"16.87953450","time":1674853921920,"isBuyerMaker":true,"isBestMatch":true},{"id":2577406511,"price":"23122.49000000","qty":"0.00976000","quoteQty":"225.67550240","time":1674853921920,"isBuyerMaker":true,"isBestMatch":true},{"id":2577406512,"price":"23122.49000000","qty":"0.00275000","quoteQty":"63.58684750","time":1674853921925,"isBuyerMaker":true,"isBestMatch":true},{"id":2577406513,"price":"23122.50000000","qty":"0.00164000","quoteQty":"37.92090000","time":1674853921940,"isBuyerMaker":true,"isBestMatch":true},{"id":2577406514,"price":"23123.08000000","qty":"0.00069000","quoteQty":"15.95492520","time":1674853921958,"isBuyerMaker":false,"isBestMatch":true},{"id":2577406515,"price":"23123.51000000","qty":"0.00069000","quoteQty":"15.95522190","time":1674853921958,"isBuyerMaker":false,"isBestMatch":true},{"id":2577406516,"price":"23123.94000000","qty":"0.00069000","quoteQty":"15.95551860","time":1674853921958,"isBuyerMaker":false,"isBestMatch":true},{"id":2577406517,"price":"23124.13000000","qty":"0.00665000","quoteQty":"153.77546450","time":1674853921958,"isBuyerMaker":false,"isBestMatch":true},{"id":2577406518,"price":"23123.51000000","qty":"0.00069000","quoteQty":"15.95522190","time":1674853922117,"isBuyerMaker":true,"isBestMatch":true},{"id":2577406519,"price":"23123.49000000","qty":"0.00044000","quoteQty":"10.17433560","time":1674853922117,"isBuyerMaker":true,"isBestMatch":true},{"id":2577406520,"price":"23123.13000000","qty":"0.00885000","quoteQty":"204.63970050","time":1674853922121,"isBuyerMaker":false,"isBestMatch":true},{"id":2577406521,"price":"23124.10000000","qty":"0.00518000","quoteQty":"119.78283800","time":1674853922142,"isBuyerMaker":false,"isBestMatch":true},{"id":2577406522,"price":"23123.51000000","qty":"0.00301000","quoteQty":"69.60176510","time":1674853922207,"isBuyerMaker":true,"isBestMatch":true},{"id":2577406523,"price":"23123.13000000","qty":"0.00885000","quoteQty":"204.63970050","time":1674853922216,"isBuyerMaker":true,"isBestMatch":true},{"id":2577406524,"price":"23123.08000000","qty":"0.00069000","quoteQty":"15.95492520","time":1674853922216,"isBuyerMaker":true,"isBestMatch":true},{"id":2577406525,"price":"23123.07000000","qty":"0.10809000","quoteQty":"2499.37263630","time":1674853922216,"isBuyerMaker":true,"isBestMatch":true},{"id":2577406526,"price":"23122.88000000","qty":"0.00083000","quoteQty":"19.19199040","time":1674853922216,"isBuyerMaker":true,"isBestMatch":true},{"id":2577406527,"price":"23122.65000000","qty":"0.00069000","quoteQty":"15.95462850","time":1674853922216,"isBuyerMaker":true,"isBestMatch":true},{"id":2577406528,"price":"23122.59000000","qty":"0.01120000","quoteQty":"258.97300800","time":1674853922216,"isBuyerMaker":true,"isBestMatch":true},{"id":2577406529,"price":"23122.50000000","qty":"0.00222000","quoteQty":"51.33195000","time":1674853922216,"isBuyerMaker":true,"isBestMatch":true},{"id":2577406530,"price":"23122.48000000","qty":"0.08165000","quoteQty":"1887.95049200","time":1674853922216,"isBuyerMaker":true,"isBestMatch":true},{"id":2577406531,"price":"23122.48000000","qty":"0.10700000","quoteQty":"2474.10536000","time":1674853922216,"isBuyerMaker":true,"isBestMatch":true},{"id":2577406532,"price":"23122.48000000","qty":"0.00064000","quoteQty":"14.79838720","time":1674853922216,"isBuyerMaker":true,"isBestMatch":true},{"id":2577406533,"price":"23122.41000000","qty":"0.01384000","quoteQty":"320.01415440","time":1674853922216,"isBuyerMaker":true,"isBestMatch":true},{"id":2577406534,"price":"23122.40000000","qty":"0.04128000","quoteQty":"954.49267200","time":1674853922216,"isBuyerMaker":true,"isBestMatch":true},{"id":2577406535,"price":"23122.39000000","qty":"0.04411000","quoteQty":"1019.92862290","time":1674853922216,"isBuyerMaker":true,"isBestMatch":true},{"id":2577406536,"price":"23122.37000000","qty":"0.05744000","quoteQty":"1328.14893280","time":1674853922216,"isBuyerMaker":true,"isBestMatch":true},{"id":2577406537,"price":"23123.51000000","qty":"0.00069000","quoteQty":"15.95522190","time":1674853922250,"isBuyerMaker":false,"isBestMatch":true},{"id":2577406538,"price":"23123.94000000","qty":"0.00069000","quoteQty":"15.95551860","time":1674853922250,"isBuyerMaker":false,"isBestMatch":true},{"id":2577406539,"price":"23124.10000000","qty":"0.00733000","quoteQty":"169.49965300","time":1674853922250,"isBuyerMaker":false,"isBestMatch":true},{"id":2577406540,"price":"23124.13000000","qty":"0.00050000","quoteQty":"11.56206500","time":1674853922250,"isBuyerMaker":false,"isBestMatch":true},{"id":2577406541,"price":"23124.13000000","qty":"0.02794000","quoteQty":"646.08819220","time":1674853922259,"isBuyerMaker":true,"isBestMatch":true},{"id":2577406542,"price":"23123.09000000","qty":"0.00069000","quoteQty":"15.95493210","time":1674853922284,"isBuyerMaker":true,"isBestMatch":true},{"id":2577406543,"price":"23123.74000000","qty":"0.00173000","quoteQty":"40.00407020","time":1674853922323,"isBuyerMaker":true,"isBestMatch":true},{"id":2577406544,"price":"23123.63000000","qty":"0.00049000","quoteQty":"11.33057870","time":1674853922442,"isBuyerMaker":false,"isBestMatch":true},{"id":2577406545,"price":"23123.63000000","qty":"0.00001000","quoteQty":"0.23123630","time":1674853922442,"isBuyerMaker":false,"isBestMatch":true},{"id":2577406546,"price":"23123.64000000","qty":"0.00432000","quoteQty":"99.89412480","time":1674853922442,"isBuyerMaker":false,"isBestMatch":true},{"id":2577406547,"price":"23123.67000000","qty":"0.00172000","quoteQty":"39.77271240","time":1674853922442,"isBuyerMaker":false,"isBestMatch":true},{"id":2577406548,"price":"23123.61000000","qty":"0.00049000","quoteQty":"11.33056890","time":1674853922445,"isBuyerMaker":true,"isBestMatch":true},{"id":2577406549,"price":"23123.61000000","qty":"0.00001000","quoteQty":"0.23123610","time":1674853922445,"isBuyerMaker":true,"isBestMatch":true},{"id":2577406550,"price":"23123.51000000","qty":"0.00069000","quoteQty":"15.95522190","time":1674853922490,"isBuyerMaker":true,"isBestMatch":true},{"id":2577406551,"price":"23123.51000000","qty":"0.00081000","quoteQty":"18.73004310","time":1674853922490,"isBuyerMaker":true,"isBestMatch":true},{"id":2577406552,"price":"23123.51000000","qty":"0.00119000","quoteQty":"27.51697690","time":1674853922490,"isBuyerMaker":true,"isBestMatch":true},{"id":2577406553,"price":"23123.12000000","qty":"0.00432000","quoteQty":"99.89187840","time":1674853922531,"isBuyerMaker":true,"isBestMatch":true},{"id":2577406554,"price":"23123.09000000","qty":"0.01089000","quoteQty":"251.81045010","time":1674853922531,"isBuyerMaker":true,"isBestMatch":true},{"id":2577406555,"price":"23123.08000000","qty":"0.00016000","quoteQty":"3.69969280","time":1674853922531,"isBuyerMaker":true,"isBestMatch":true},{"id":2577406556,"price":"23123.51000000","qty":"0.00077000","quoteQty":"17.80510270","time":1674853922576,"isBuyerMaker":true,"isBestMatch":true}]
2023-01-27 22:14:53.181[1674854093181] | INFO  | main       | c.b.c.client.utils.RequestHandler    - GET https://api.binance.com/api/v3/historicalTrades?symbol=BTCUSDT&limit=100
